,Date-Time,Price,Volume,Bid Price,Bid Size,Ask Price,Ask Size,Side,BuyV,SellV
0,2022-12-27 16:23:20.066388299,0.04,1,0.04,1,0.07,1,Sell,0,1
1,2022-12-27 16:24:13.735070427,0.03,1,0.03,1,0.04,1,Sell,0,1
2,2023-01-10 19:18:31.819747797,0.09,3,0.09,7,0.1,2,Sell,0,3
3,2023-01-10 19:18:31.827713125,0.09,1,0.09,4,0.11,1,Sell,0,1
4,2023-01-10 19:18:31.827713125,0.09,1,0.09,3,0.11,1,Sell,0,1
5,2023-01-10 19:18:31.831704186,0.09,2,0.09,2,0.11,1,Sell,0,2
6,2023-01-10 19:18:31.839187997,0.08,2,0.08,2,0.11,1,Sell,0,2
7,2023-01-10 19:18:35.587381189,0.07,1,0.07,2,0.09,1,Sell,0,1
8,2023-01-10 19:18:35.587381189,0.07,1,0.07,1,0.09,2,Sell,0,1
9,2023-01-10 19:18:35.592173570,0.06,2,0.06,2,0.09,1,Sell,0,2
10,2023-01-10 19:18:41.023316067,0.07,3,0.05,2,0.07,1,Buy,3,0
11,2023-01-10 19:18:41.031272702,0.07,1,0.07,2,0.08,1,Sell,0,1
12,2023-01-10 19:18:41.096000697,0.07,1,0.07,1,0.08,2,Sell,0,1
13,2023-01-10 19:18:47.559610819,0.06,2,0.05,2,0.06,2,Buy,2,0
14,2023-01-10 19:18:47.731844043,0.05,2,0.05,2,0.07,1,Sell,0,2
15,2023-01-10 19:18:47.987207320,0.06,2,0.04,7,0.06,1,Buy,2,0
16,2023-01-10 19:18:48.352117474,0.06,2,0.04,7,0.06,1,Buy,2,0
17,2023-01-10 19:18:48.991318036,0.06,2,0.04,7,0.06,1,Buy,2,0
18,2023-01-10 19:18:49.343758480,0.06,2,0.04,7,0.06,1,Buy,2,0
19,2023-01-10 19:18:49.687294073,0.05,2,0.04,7,0.05,1,Buy,2,0
20,2023-01-10 19:18:50.127193895,0.06,2,0.04,7,0.06,1,Buy,2,0
21,2023-01-10 19:18:50.447942539,0.06,2,0.06,2,0.09,1,Sell,0,2
22,2023-01-10 19:18:52.159400634,0.07,2,0.05,2,0.07,1,Buy,2,0
23,2023-01-10 19:18:52.435269281,0.06,1,0.05,2,0.06,1,Buy,1,0
24,2023-01-10 19:18:52.444158786,0.06,1,0.06,1,0.09,1,Sell,0,1
25,2023-01-10 19:18:53.995447130,0.06,1,0.06,5,0.07,1,Sell,0,1
26,2023-01-10 19:18:53.995447130,0.06,1,0.06,4,0.07,1,Sell,0,1
27,2023-01-11 13:18:26.347141394,0.07,2,0.07,13,0.12,2,Sell,0,2
28,2023-01-11 13:18:26.555138369,0.07,2,0.07,11,0.12,2,Sell,0,2
29,2023-01-11 13:18:26.667717262,0.07,2,0.07,9,0.12,2,Sell,0,2
30,2023-01-11 13:18:26.891235054,0.07,2,0.07,7,0.12,2,Sell,0,2
31,2023-01-11 13:18:27.119745813,0.07,2,0.07,5,0.12,2,Sell,0,2
32,2023-01-11 14:51:20.403450753,0.11,2,0.08,1,0.11,2,Buy,2,0
33,2023-01-11 14:53:47.611200640,0.12,2,0.08,1,0.12,2,Buy,2,0
34,2023-01-11 14:53:49.504107587,0.13,5,0.12,4,0.13,5,Buy,5,0
35,2023-01-11 14:56:47.027762672,0.07,1,0.07,17,0.13,9,Sell,0,1
36,2023-01-11 14:56:47.967253331,0.07,1,0.07,18,0.13,9,Sell,0,1
37,2023-01-11 14:56:48.979221765,0.07,3,0.07,17,0.13,10,Sell,0,3
38,2023-01-11 14:57:14.343783012,0.08,6,0.07,26,0.08,6,Buy,6,0
39,2023-01-11 14:57:14.351745637,0.08,4,0.08,4,0.12,2,Sell,0,4
40,2023-01-11 14:58:29.487755194,0.07,1,0.07,26,0.09,1,Sell,0,1
41,2023-01-11 17:39:39.983365555,0.08,2,0.08,10,0.1,1,Sell,0,2
42,2023-01-11 17:39:40.839145467,0.08,1,0.08,8,0.09,2,Sell,0,1
43,2023-01-11 17:39:41.043300844,0.08,2,0.08,7,0.09,2,Sell,0,2
44,2023-01-11 17:39:41.251807674,0.08,1,0.08,5,0.09,2,Sell,0,1
45,2023-01-11 17:39:41.463877347,0.08,1,0.08,4,0.09,1,Sell,0,1
46,2023-01-11 17:39:41.667969535,0.08,1,0.08,3,0.09,1,Sell,0,1
47,2023-01-11 17:39:41.888004787,0.08,1,0.08,2,0.09,1,Sell,0,1
48,2023-01-11 17:39:42.295376878,0.08,1,0.08,1,0.09,2,Sell,0,1
49,2023-01-11 17:40:15.999199163,0.08,1,0.08,5,0.09,5,Sell,0,1
50,2023-01-11 17:40:16.007341028,0.08,4,0.08,4,0.09,5,Sell,0,4
51,2023-01-11 17:40:16.107713044,0.07,1,0.07,22,0.08,1,Sell,0,1
52,2023-01-11 17:40:16.375226437,0.07,1,0.07,21,0.08,1,Sell,0,1
53,2023-01-11 17:40:16.571661832,0.07,1,0.07,20,0.08,2,Sell,0,1
54,2023-01-11 17:40:16.775193593,0.07,1,0.07,19,0.08,2,Sell,0,1
55,2023-01-11 17:40:17.003772456,0.07,1,0.07,18,0.08,2,Sell,0,1
56,2023-01-11 17:40:17.211853239,0.07,2,0.07,17,0.08,2,Sell,0,2
57,2023-01-11 17:40:17.411214135,0.07,1,0.07,15,0.08,2,Sell,0,1
58,2023-01-11 17:41:57.279350513,0.07,1,0.07,51,0.08,10,Sell,0,1
59,2023-01-11 17:42:06.915277303,0.07,1,0.07,45,0.08,11,Sell,0,1
60,2023-01-11 17:42:58.531328786,0.08,1,0.07,46,0.08,1,Buy,1,0
61,2023-01-11 18:18:20.403176651,0.09,1,0.09,1,0.11,12,Sell,0,1
62,2023-01-11 18:18:20.411471781,0.09,1,0.09,1,0.11,11,Sell,0,1
63,2023-01-11 18:18:20.415179498,0.09,1,0.09,1,0.11,11,Sell,0,1
64,2023-01-11 18:18:20.435247014,0.09,1,0.09,1,0.11,11,Sell,0,1
65,2023-01-11 18:18:27.947448944,0.09,1,0.09,1,0.11,11,Sell,0,1
66,2023-01-11 19:12:50.411774690,0.09,1,0.09,25,0.1,11,Sell,0,1
67,2023-01-11 19:12:54.436087598,0.09,1,0.09,24,0.1,11,Sell,0,1
68,2023-01-11 19:14:19.899700917,0.09,1,0.09,23,0.1,14,Sell,0,1
69,2023-01-12 18:40:26.004067723,0.1,1,0.09,10,0.1,5,Buy,1,0
70,2023-01-12 18:48:18.147283023,0.11,1,0.1,1,0.11,5,Buy,1,0
71,2023-01-12 18:48:23.220010089,0.11,1,0.1,2,0.11,4,Buy,1,0
72,2023-01-12 18:48:23.220010089,0.11,3,0.09,11,0.11,3,Buy,3,0
73,2023-01-12 18:50:28.871340381,0.12,1,0.11,1,0.12,7,Buy,1,0
74,2023-01-12 18:58:21.351874407,0.12,1,0.1,1,0.12,6,Buy,1,0
75,2023-01-12 19:03:11.763352554,0.12,1,0.1,2,0.12,5,Buy,1,0
76,2023-01-12 19:03:11.763352554,0.12,1,0.1,2,0.12,4,Buy,1,0
77,2023-01-12 19:03:11.767321131,0.12,1,0.1,2,0.12,3,Buy,1,0
78,2023-01-12 19:03:11.767321131,0.12,1,0.1,2,0.12,2,Buy,1,0
79,2023-01-12 19:03:11.771297312,0.12,1,0.1,3,0.12,1,Buy,1,0
80,2023-01-12 19:03:13.671939171,0.13,5,0.11,5,0.13,5,Buy,5,0
81,2023-01-12 19:03:21.655877671,0.14,1,0.13,2,0.14,5,Buy,1,0
82,2023-01-12 19:03:24.580028750,0.14,4,0.13,3,0.14,4,Buy,4,0
83,2023-01-12 19:03:26.003806796,0.14,1,0.14,2,0.15,6,Sell,0,1
84,2023-01-17 16:53:41.931997888,0.12,1,0.09,17,0.12,5,Buy,1,0
85,2023-01-17 16:53:41.931997888,0.12,1,0.09,16,0.12,4,Buy,1,0
86,2023-01-17 16:53:41.939955959,0.12,1,0.09,16,0.12,3,Buy,1,0
87,2023-01-17 16:53:41.939955959,0.12,1,0.09,16,0.12,2,Buy,1,0
88,2023-01-17 16:53:41.939955959,0.12,1,0.09,16,0.12,1,Buy,1,0
89,2023-01-17 16:56:18.887602462,0.13,2,0.12,1,0.13,2,Buy,2,0
90,2023-01-17 16:56:54.395625470,0.14,9,0.12,3,0.14,10,Buy,9,0
91,2023-01-17 16:56:57.611258007,0.14,1,0.12,2,0.14,1,Buy,1,0
92,2023-01-17 17:16:49.383963170,0.14,1,0.12,5,0.14,1,Buy,1,0
93,2023-01-17 17:16:55.447299395,0.15,4,0.12,6,0.15,5,Buy,4,0
94,2023-01-17 17:17:02.096129544,0.15,2,0.12,5,0.15,2,Buy,2,0
95,2023-01-17 17:17:02.096129544,0.15,1,0.12,5,0.15,1,Buy,1,0
96,2023-01-17 17:17:26.551190904,0.14,1,0.14,1,0.15,6,Sell,0,1
97,2023-01-17 17:27:51.999244138,0.1,1,0.1,1,0.11,1,Sell,0,1
98,2023-01-17 17:36:42.931602586,0.13,1,0.11,1,0.13,1,Buy,1,0
99,2023-01-17 19:11:00.635563887,0.14,3,0.12,1,0.14,3,Buy,3,0
100,2023-01-18 14:30:11.695176124,0.15,1,0.12,2,0.15,2,Buy,1,0
101,2023-01-18 14:44:45.623920862,0.15,1,0.13,2,0.15,2,Buy,1,0
102,2023-01-18 14:44:45.635890554,0.15,1,0.12,2,0.15,1,Buy,1,0
103,2023-01-18 14:44:46.491326647,0.15,1,0.13,2,0.15,1,Buy,1,0
104,2023-01-18 14:44:46.495679640,0.15,1,0.13,2,0.15,1,Buy,1,0
105,2023-01-18 14:44:46.495679640,0.15,1,0.14,1,0.15,1,Buy,1,0
106,2023-01-18 14:44:46.495679640,0.15,1,0.14,1,0.15,1,Buy,1,0
107,2023-01-18 14:44:46.495679640,0.15,1,0.14,1,0.15,1,Buy,1,0
108,2023-01-18 14:44:46.495679640,0.15,1,0.14,1,0.15,1,Buy,1,0
109,2023-01-18 14:44:46.504085461,0.15,1,0.14,1,0.15,1,Buy,1,0
110,2023-01-18 14:47:31.423669523,0.15,1,0.11,3,0.15,1,Buy,1,0
111,2023-01-18 14:47:31.451541851,0.15,1,0.11,3,0.15,1,Buy,1,0
112,2023-01-18 14:47:31.479195898,0.15,1,0.11,4,0.15,1,Buy,1,0
113,2023-01-18 14:47:47.387660357,0.16,2,0.14,1,0.16,6,Buy,2,0
114,2023-01-18 14:47:49.379804930,0.16,5,0.11,1,0.16,5,Buy,5,0
115,2023-01-18 14:47:50.731869752,0.16,1,0.1,13,0.16,1,Buy,1,0
116,2023-01-18 14:47:57.211423872,0.16,1,0.1,13,0.16,1,Buy,1,0
117,2023-01-18 14:48:11.408056772,0.16,1,0.11,1,0.16,1,Buy,1,0
118,2023-01-18 14:48:11.412049347,0.16,1,0.11,1,0.16,1,Buy,1,0
119,2023-01-18 14:48:15.659386978,0.15,5,0.11,2,0.15,5,Buy,5,0
120,2023-01-18 14:48:17.467592941,0.16,1,0.11,1,0.16,1,Buy,1,0
121,2023-01-19 18:18:57.900113166,0.12,1,0.12,1,0.15,1,Sell,0,1
122,2023-01-19 18:18:57.959845038,0.12,1,0.12,1,0.16,9,Sell,0,1
123,2023-01-19 18:18:58.839333096,0.12,1,0.12,1,0.15,2,Sell,0,1
124,2023-01-19 18:19:30.327677833,0.12,1,0.12,1,0.15,1,Sell,0,1
125,2023-01-19 18:19:30.783685824,0.12,1,0.12,1,0.15,1,Sell,0,1
126,2023-01-19 19:04:54.179876515,0.15,1,0.14,2,0.15,1,Buy,1,0
127,2023-01-19 19:09:20.363731452,0.15,2,0.14,2,0.15,2,Buy,2,0
128,2023-01-20 18:42:02.339195489,0.16,1,0.15,1,0.16,5,Buy,1,0
129,2023-01-20 19:06:09.203148030,0.15,1,0.15,1,0.16,5,Sell,0,1
130,2023-01-23 15:32:44.391269881,0.12,3,0.12,3,0.14,1,Sell,0,3
131,2023-01-23 15:34:42.383442032,0.12,1,0.12,1,0.13,3,Sell,0,1
132,2023-01-23 15:34:42.811578681,0.12,1,0.12,1,0.13,3,Sell,0,1
133,2023-01-23 15:34:45.432039904,0.12,1,0.12,1,0.13,1,Sell,0,1
134,2023-01-23 15:34:45.432039904,0.12,1,0.12,1,0.13,1,Sell,0,1
135,2023-01-23 15:34:45.432039904,0.12,1,0.12,1,0.13,1,Sell,0,1
136,2023-01-23 15:34:45.436031016,0.12,1,0.12,1,0.13,1,Sell,0,1
137,2023-01-23 15:34:45.440023209,0.12,1,0.12,1,0.13,1,Sell,0,1
138,2023-01-23 15:34:45.440023209,0.12,1,0.12,1,0.13,1,Sell,0,1
139,2023-01-23 15:34:45.440023209,0.12,1,0.12,1,0.13,2,Sell,0,1
140,2023-01-23 15:35:03.547527895,0.11,1,0.11,4,0.13,2,Sell,0,1
141,2023-01-23 16:05:25.484075849,0.11,1,0.11,3,0.12,1,Sell,0,1
142,2023-01-23 16:05:25.495270381,0.11,2,0.11,2,0.12,1,Sell,0,2
143,2023-01-23 16:05:25.503943522,0.11,1,0.11,1,0.13,4,Sell,0,1
144,2023-01-23 17:06:22.607230294,0.11,1,0.11,1,0.12,1,Sell,0,1
145,2023-01-23 17:06:22.607986380,0.11,1,0.11,1,0.12,1,Sell,0,1
146,2023-01-23 17:06:22.607986380,0.11,1,0.11,1,0.12,1,Sell,0,1
147,2023-01-23 17:06:22.627238668,0.11,1,0.11,1,0.12,1,Sell,0,1
148,2023-01-23 17:06:24.975587563,0.11,1,0.11,1,0.12,1,Sell,0,1
149,2023-01-23 17:06:24.975587563,0.11,1,0.11,1,0.12,1,Sell,0,1
150,2023-01-23 17:06:24.975587563,0.11,1,0.11,1,0.12,1,Sell,0,1
151,2023-01-23 17:06:24.975587563,0.11,1,0.11,1,0.12,1,Sell,0,1
152,2023-01-23 17:06:24.979294641,0.11,1,0.11,1,0.12,1,Sell,0,1
153,2023-01-23 17:06:24.979294641,0.11,1,0.11,1,0.12,1,Sell,0,1
154,2023-01-23 17:06:39.287719315,0.11,1,0.11,1,0.12,1,Sell,0,1
155,2023-01-23 17:06:39.287719315,0.11,1,0.11,1,0.12,1,Sell,0,1
156,2023-01-23 17:06:39.287719315,0.11,1,0.11,1,0.12,1,Sell,0,1
157,2023-01-23 17:29:12.535899235,0.11,5,0.1,22,0.11,5,Buy,5,0
158,2023-01-24 14:59:08.560157159,0.12,1,0.1,22,0.12,1,Buy,1,0
159,2023-01-26 08:02:29.491324217,0.13,1,0.12,4,0.13,1,Buy,1,0
160,2023-01-26 09:14:56.467845327,0.13,1,0.13,1,0.14,2,Sell,0,1
161,2023-01-26 15:21:27.083594581,0.13,5,0.11,3,0.13,5,Buy,5,0
162,2023-01-27 14:30:00.087981094,0.11,1,0.11,5,0.14,3,Sell,0,1
163,2023-01-27 16:01:56.096067015,0.11,1,0.11,4,0.12,11,Sell,0,1
164,2023-01-27 16:01:56.272310290,0.11,3,0.11,3,0.12,2,Sell,0,3
165,2023-01-27 16:03:03.323803169,0.1,4,0.1,22,0.11,3,Sell,0,4
166,2023-01-27 16:03:03.327762458,0.1,1,0.1,18,0.11,3,Sell,0,1
167,2023-01-27 16:03:03.327762458,0.1,1,0.1,17,0.11,3,Sell,0,1
168,2023-01-27 16:04:00.100410117,0.1,1,0.1,16,0.11,2,Sell,0,1
169,2023-01-27 16:04:00.120333878,0.1,1,0.1,15,0.11,2,Sell,0,1
170,2023-01-27 16:06:25.919934110,0.1,1,0.1,14,0.11,6,Sell,0,1
171,2023-01-27 16:06:25.919934110,0.1,1,0.1,13,0.11,6,Sell,0,1
172,2023-01-27 16:15:04.532032457,0.1,1,0.1,12,0.11,7,Sell,0,1
173,2023-01-27 16:15:17.408469551,0.1,1,0.1,11,0.11,7,Sell,0,1
174,2023-01-27 16:15:17.516002411,0.1,1,0.1,10,0.11,8,Sell,0,1
175,2023-01-27 16:15:17.708144914,0.1,1,0.1,9,0.11,7,Sell,0,1
176,2023-01-27 16:25:41.179698855,0.1,8,0.1,8,0.11,7,Sell,0,8
177,2023-01-27 17:28:10.275599143,0.1,1,0.1,5,0.11,3,Sell,0,1
178,2023-01-30 06:58:25.967276025,0.1,4,0.1,4,0.11,3,Sell,0,4
179,2023-01-31 01:41:33.635986543,0.1,1,0.1,5,0.11,1,Sell,0,1
180,2023-02-01 17:11:45.375288037,0.12,1,0.11,3,0.12,4,Buy,1,0
181,2023-02-01 17:12:48.695758015,0.1,4,0.1,4,0.11,3,Sell,0,4
182,2023-02-01 17:12:56.839977754,0.09,1,0.09,15,0.11,2,Sell,0,1
183,2023-02-01 17:12:56.839977754,0.09,1,0.09,14,0.11,2,Sell,0,1
184,2023-02-01 17:12:56.843979564,0.09,1,0.09,13,0.11,2,Sell,0,1
185,2023-02-01 17:13:18.771644257,0.09,7,0.09,7,0.1,8,Sell,0,7
186,2023-02-01 18:39:05.596129576,0.1,1,0.09,2,0.1,1,Buy,1,0
187,2023-02-01 19:19:20.707303878,0.12,1,0.09,2,0.12,8,Buy,1,0
188,2023-02-02 19:14:29.840262588,0.12,7,0.11,1,0.12,7,Buy,7,0
189,2023-02-03 14:51:58.479763878,0.1,1,0.1,5,0.13,13,Sell,0,1
190,2023-02-03 15:02:12.072315770,0.13,4,0.12,4,0.13,13,Buy,4,0
191,2023-02-03 15:09:12.019944617,0.12,2,0.11,2,0.12,6,Buy,2,0
192,2023-02-03 16:13:42.663588799,0.1,1,0.1,5,0.11,4,Sell,0,1
193,2023-02-03 16:18:04.459693419,0.1,4,0.1,4,0.11,3,Sell,0,4
194,2023-02-03 16:27:22.160092182,0.09,5,0.09,5,0.1,1,Sell,0,5
195,2023-02-06 16:31:07.971006524,0.1,5,0.1,5,0.11,9,Sell,0,5
196,2023-02-09 16:00:00.514941961,0.08,3,0.08,22,0.1,13,Sell,0,3
197,2023-02-10 14:34:00.126696028,0.1,1,0.1,2,0.11,1,Sell,0,1
198,2023-02-10 16:06:27.295160499,0.1,1,0.1,1,0.11,1,Sell,0,1
199,2023-02-10 19:07:20.719202220,0.12,2,0.09,7,0.12,2,Buy,2,0
200,2023-02-10 19:14:28.047244360,0.13,1,0.12,12,0.13,30,Buy,1,0
201,2023-02-10 19:14:29.038990024,0.13,1,0.12,12,0.13,29,Buy,1,0
202,2023-02-10 19:14:42.811265942,0.13,1,0.12,16,0.13,28,Buy,1,0
203,2023-02-10 19:16:13.610675983,0.13,7,0.12,17,0.13,27,Buy,7,0
204,2023-02-10 19:18:25.339117403,0.13,1,0.12,16,0.13,20,Buy,1,0
205,2023-02-10 19:18:25.339117403,0.13,1,0.12,16,0.13,19,Buy,1,0
206,2023-02-10 19:18:25.339117403,0.13,17,0.12,15,0.13,18,Buy,17,0
207,2023-02-13 09:43:11.755420942,0.11,5,0.11,5,0.12,3,Sell,0,5
208,2023-02-13 14:56:32.167276314,0.11,2,0.11,2,0.12,7,Sell,0,2
209,2023-02-13 14:56:32.187301200,0.11,2,0.11,2,0.12,5,Sell,0,2
210,2023-02-13 15:29:31.398951309,0.11,1,0.11,4,0.13,16,Sell,0,1
211,2023-02-13 15:29:31.398951309,0.11,1,0.11,3,0.13,16,Sell,0,1
212,2023-02-13 15:45:11.974673281,0.11,4,0.11,4,0.12,3,Sell,0,4
213,2023-02-13 16:00:17.499293423,0.11,4,0.11,4,0.12,3,Sell,0,4
214,2023-02-13 16:01:52.294938652,0.11,2,0.11,2,0.12,1,Sell,0,2
215,2023-02-13 16:01:55.046867182,0.11,1,0.11,2,0.13,19,Sell,0,1
216,2023-02-13 16:05:01.803257809,0.11,1,0.11,1,0.13,19,Sell,0,1
217,2023-02-14 18:24:18.010579422,0.13,1,0.12,11,0.13,16,Buy,1,0
218,2023-02-14 18:54:05.178765731,0.13,14,0.12,15,0.13,15,Buy,14,0
219,2023-02-14 19:06:58.919178662,0.13,1,0.12,6,0.13,1,Buy,1,0
220,2023-02-14 19:14:15.978610259,0.14,3,0.13,3,0.14,3,Buy,3,0
221,2023-02-15 02:57:50.830557727,0.13,1,0.11,8,0.13,1,Buy,1,0
222,2023-02-15 03:06:16.350784632,0.13,1,0.11,8,0.13,1,Buy,1,0
223,2023-02-15 03:06:35.102653883,0.13,1,0.11,8,0.13,1,Buy,1,0
224,2023-02-15 03:06:35.158599081,0.13,1,0.11,8,0.13,1,Buy,1,0
225,2023-02-15 03:07:25.683273875,0.13,1,0.11,8,0.13,1,Buy,1,0
226,2023-02-15 03:07:25.714552105,0.13,1,0.11,8,0.13,1,Buy,1,0
227,2023-02-15 03:08:12.586561330,0.13,1,0.11,8,0.13,1,Buy,1,0
228,2023-02-15 03:08:12.626569308,0.13,1,0.11,8,0.13,1,Buy,1,0
229,2023-02-15 03:13:05.002871576,0.13,1,0.11,6,0.13,1,Buy,1,0
230,2023-02-15 03:13:05.034546519,0.13,1,0.11,6,0.13,1,Buy,1,0
231,2023-02-15 03:13:22.122545544,0.13,1,0.11,7,0.13,1,Buy,1,0
232,2023-02-15 03:13:47.703330453,0.13,1,0.11,6,0.13,1,Buy,1,0
233,2023-02-15 06:34:05.366651815,0.13,1,0.11,4,0.13,1,Buy,1,0
234,2023-02-15 06:35:36.079238391,0.13,1,0.11,4,0.13,1,Buy,1,0
235,2023-02-16 18:39:02.610633280,0.15,1,0.13,6,0.15,19,Buy,1,0
236,2023-02-16 18:39:02.610633280,0.15,1,0.13,6,0.15,18,Buy,1,0
237,2023-02-16 18:39:02.614662360,0.15,2,0.13,6,0.15,17,Buy,2,0
238,2023-02-16 18:39:28.931100692,0.15,1,0.13,6,0.15,15,Buy,1,0
239,2023-02-16 18:44:02.083376818,0.15,1,0.14,3,0.15,14,Buy,1,0
240,2023-02-16 18:44:02.291256755,0.15,1,0.14,3,0.15,13,Buy,1,0
241,2023-02-16 18:44:02.499485671,0.15,1,0.14,3,0.15,12,Buy,1,0
242,2023-02-16 18:44:54.778855253,0.15,1,0.14,2,0.15,11,Buy,1,0
243,2023-02-16 18:44:54.778855253,0.15,1,0.14,1,0.15,10,Buy,1,0
244,2023-02-16 18:44:55.006859816,0.15,2,0.13,2,0.15,9,Buy,2,0
245,2023-02-16 18:44:55.203032859,0.15,2,0.13,2,0.15,7,Buy,2,0
246,2023-02-16 18:45:01.955185893,0.15,1,0.14,2,0.15,5,Buy,1,0
247,2023-02-16 18:45:02.159452608,0.15,2,0.14,1,0.15,4,Buy,2,0
248,2023-02-16 18:45:02.354595968,0.15,1,0.14,1,0.15,2,Buy,1,0
249,2023-02-16 18:45:02.358573762,0.15,1,0.14,1,0.15,1,Buy,1,0
250,2023-02-16 18:45:30.098750247,0.16,1,0.13,11,0.16,11,Buy,1,0
251,2023-02-16 18:46:43.166805103,0.16,1,0.13,6,0.16,10,Buy,1,0
252,2023-02-16 18:47:10.851193734,0.16,1,0.13,14,0.16,9,Buy,1,0
253,2023-02-16 18:47:11.719258567,0.16,1,0.13,4,0.16,8,Buy,1,0
254,2023-02-16 18:47:42.802855390,0.16,1,0.13,12,0.16,7,Buy,1,0
255,2023-02-16 18:48:26.178577933,0.16,1,0.13,4,0.16,7,Buy,1,0
256,2023-02-16 18:48:28.342837343,0.16,1,0.13,11,0.16,6,Buy,1,0
257,2023-02-16 18:48:28.546931913,0.16,1,0.13,10,0.16,5,Buy,1,0
258,2023-02-16 18:48:33.211319958,0.16,1,0.14,4,0.16,4,Buy,1,0
259,2023-02-16 18:48:41.846589952,0.16,1,0.14,3,0.16,3,Buy,1,0
260,2023-02-16 18:48:51.231316110,0.16,1,0.14,3,0.16,2,Buy,1,0
261,2023-02-16 18:51:51.759397056,0.16,1,0.14,3,0.16,1,Buy,1,0
262,2023-02-16 19:00:05.910955052,0.16,1,0.14,13,0.16,1,Buy,1,0
263,2023-02-16 19:01:18.171215070,0.16,1,0.15,10,0.16,1,Buy,1,0
264,2023-02-16 19:01:18.171215070,0.16,1,0.15,9,0.16,1,Buy,1,0
265,2023-02-16 19:01:18.203251360,0.16,1,0.15,9,0.16,1,Buy,1,0
266,2023-02-16 19:01:18.215343488,0.16,1,0.15,8,0.16,1,Buy,1,0
267,2023-02-16 19:01:44.683144495,0.17,1,0.15,8,0.17,11,Buy,1,0
268,2023-02-16 19:01:46.271154282,0.17,1,0.15,8,0.17,11,Buy,1,0
269,2023-02-16 19:01:48.418723118,0.17,1,0.16,3,0.17,10,Buy,1,0
270,2023-02-16 19:01:48.483221141,0.17,1,0.16,3,0.17,9,Buy,1,0
271,2023-02-16 19:02:08.414894276,0.17,1,0.16,4,0.17,8,Buy,1,0
272,2023-02-16 19:02:13.430859457,0.17,1,0.16,4,0.17,7,Buy,1,0
273,2023-02-21 14:30:07.290878360,0.12,1,0.12,10,0.13,1,Sell,0,1
274,2023-02-21 15:09:33.766702511,0.14,2,0.13,2,0.14,1,Buy,2,0
275,2023-02-21 15:10:21.887198855,0.14,1,0.13,2,0.14,1,Buy,1,0
276,2023-02-21 15:10:21.887198855,0.14,1,0.13,2,0.14,1,Buy,1,0
277,2023-02-21 15:10:21.887198855,0.14,1,0.13,2,0.14,1,Buy,1,0
278,2023-02-21 15:18:07.739213635,0.13,1,0.13,2,0.14,1,Sell,0,1
279,2023-02-21 15:31:01.286640898,0.14,1,0.13,1,0.14,1,Buy,1,0
280,2023-02-21 15:41:14.415237807,0.14,1,0.13,2,0.14,1,Buy,1,0
281,2023-02-21 15:41:14.415237807,0.14,1,0.13,2,0.14,1,Buy,1,0
282,2023-02-21 15:41:14.415237807,0.14,1,0.13,1,0.14,1,Buy,1,0
283,2023-02-21 15:41:22.455203164,0.14,1,0.13,2,0.14,1,Buy,1,0
284,2023-02-21 15:47:47.859296405,0.14,1,0.13,1,0.14,1,Buy,1,0
285,2023-02-21 15:56:01.667682219,0.14,1,0.13,1,0.14,1,Buy,1,0
286,2023-02-21 16:37:41.327249521,0.14,1,0.13,1,0.14,1,Buy,1,0
287,2023-02-21 16:47:45.303296412,0.14,1,0.13,1,0.14,1,Buy,1,0
288,2023-02-21 16:47:45.303296412,0.14,1,0.13,1,0.14,1,Buy,1,0
289,2023-02-21 16:47:45.335272646,0.14,1,0.13,1,0.14,1,Buy,1,0
290,2023-02-21 16:47:45.383256868,0.14,1,0.13,1,0.14,1,Buy,1,0
291,2023-02-21 16:48:54.266701211,0.14,1,0.13,1,0.14,1,Buy,1,0
292,2023-02-21 16:51:52.695001960,0.14,1,0.13,1,0.14,1,Buy,1,0
293,2023-02-21 17:51:16.782615715,0.13,1,0.13,1,0.14,1,Sell,0,1
294,2023-02-21 19:08:13.086709713,0.12,1,0.12,9,0.14,4,Sell,0,1
295,2023-02-21 19:17:14.095262530,0.12,1,0.12,8,0.13,1,Sell,0,1
296,2023-02-21 19:17:14.099445102,0.12,1,0.12,7,0.13,1,Sell,0,1
297,2023-02-21 19:17:19.587251807,0.12,6,0.12,6,0.13,5,Sell,0,6
298,2023-02-22 14:40:13.675262452,0.14,1,0.12,11,0.14,2,Buy,1,0
299,2023-02-22 14:41:30.310915029,0.14,1,0.13,4,0.14,2,Buy,1,0
300,2023-02-22 14:41:30.310915029,0.14,1,0.13,4,0.14,1,Buy,1,0
301,2023-02-22 14:41:30.342773853,0.14,1,0.13,3,0.14,1,Buy,1,0
302,2023-02-22 14:41:49.482719318,0.14,1,0.13,2,0.14,1,Buy,1,0
303,2023-02-22 14:46:31.346699143,0.14,1,0.12,11,0.14,1,Buy,1,0
304,2023-02-22 16:35:05.970953732,0.14,1,0.13,3,0.14,1,Buy,1,0
305,2023-02-22 17:24:47.715236388,0.14,1,0.13,3,0.14,1,Buy,1,0
306,2023-02-22 17:24:47.747417516,0.14,1,0.13,7,0.14,1,Buy,1,0
307,2023-02-22 17:24:47.775211026,0.14,1,0.13,3,0.14,1,Buy,1,0
308,2023-02-22 19:00:12.338709404,0.14,1,0.13,6,0.14,1,Buy,1,0
309,2023-02-22 19:00:50.019234048,0.14,1,0.13,14,0.14,1,Buy,1,0
310,2023-02-22 19:01:00.079010489,0.14,1,0.13,14,0.14,1,Buy,1,0
311,2023-02-22 19:01:05.822799349,0.14,1,0.13,13,0.14,1,Buy,1,0
312,2023-02-22 19:01:19.567383554,0.14,1,0.13,13,0.14,1,Buy,1,0
313,2023-02-22 19:06:11.495214603,0.14,1,0.13,6,0.14,1,Buy,1,0
314,2023-02-22 19:06:11.499195219,0.14,1,0.13,4,0.14,1,Buy,1,0
315,2023-02-22 19:06:11.499195219,0.14,1,0.13,4,0.14,1,Buy,1,0
316,2023-02-22 19:06:11.499195219,0.14,1,0.13,4,0.14,1,Buy,1,0
317,2023-02-22 19:06:11.539023074,0.14,1,0.13,3,0.14,1,Buy,1,0
318,2023-02-22 19:06:58.482828636,0.14,1,0.13,3,0.14,1,Buy,1,0
319,2023-02-22 19:09:43.003222828,0.14,1,0.13,5,0.14,1,Buy,1,0
320,2023-02-23 19:13:07.378624964,0.15,1,0.14,2,0.15,6,Buy,1,0
321,2023-02-23 19:13:08.179111168,0.15,5,0.14,9,0.15,5,Buy,5,0
322,2023-02-23 19:13:10.966868085,0.16,2,0.14,3,0.16,2,Buy,2,0
323,2023-02-27 14:43:03.617798193,0.12,1,0.12,10,0.13,2,Sell,0,1
324,2023-02-27 14:43:07.333339073,0.12,1,0.12,9,0.13,4,Sell,0,1
325,2023-02-27 14:43:07.333339073,0.12,1,0.12,8,0.13,2,Sell,0,1
326,2023-02-27 14:43:43.763315052,0.12,1,0.12,7,0.13,5,Sell,0,1
327,2023-02-27 14:43:43.942742028,0.12,1,0.12,6,0.13,3,Sell,0,1
328,2023-02-27 14:43:50.578385842,0.12,5,0.12,5,0.13,5,Sell,0,5
329,2023-02-27 14:46:39.293343633,0.14,2,0.11,16,0.14,2,Buy,2,0
330,2023-02-27 16:38:35.813255612,0.12,2,0.12,2,0.14,10,Sell,0,2
331,2023-02-28 15:08:56.192811825,0.14,1,0.12,3,0.14,4,Buy,1,0
332,2023-02-28 15:08:56.207731436,0.14,1,0.12,6,0.14,3,Buy,1,0
333,2023-02-28 19:11:26.967426074,0.14,7,0.12,24,0.14,7,Buy,7,0
334,2023-02-28 19:11:28.532925651,0.14,1,0.12,17,0.14,3,Buy,1,0
335,2023-02-28 19:11:28.617631790,0.14,2,0.12,16,0.14,2,Buy,2,0
336,2023-02-28 19:12:03.098082659,0.14,3,0.13,9,0.14,3,Buy,3,0
337,2023-02-28 19:12:03.098082659,0.14,2,0.13,6,0.14,3,Buy,2,0
338,2023-02-28 19:12:30.648080559,0.14,1,0.13,2,0.14,1,Buy,1,0
339,2023-02-28 19:12:30.653059892,0.14,3,0.13,2,0.14,3,Buy,3,0
340,2023-02-28 19:14:25.133254605,0.15,4,0.13,5,0.15,4,Buy,4,0
341,2023-02-28 19:15:13.588441857,0.16,1,0.15,1,0.16,4,Buy,1,0
342,2023-02-28 19:15:13.592617472,0.16,3,0.15,1,0.16,3,Buy,3,0
343,2023-02-28 19:15:19.363074695,0.16,3,0.15,1,0.16,3,Buy,3,0
344,2023-02-28 19:16:08.892522352,0.17,1,0.16,5,0.17,19,Buy,1,0
345,2023-02-28 19:16:09.143424813,0.17,1,0.16,7,0.17,19,Buy,1,0
346,2023-02-28 19:16:50.997595327,0.17,1,0.16,10,0.17,18,Buy,1,0
347,2023-03-01 17:34:35.892576134,0.12,1,0.12,30,0.13,10,Sell,0,1
348,2023-03-01 18:09:39.422535027,0.12,1,0.12,29,0.13,10,Sell,0,1
349,2023-03-02 19:16:21.873087952,0.15,2,0.14,2,0.15,9,Buy,2,0
350,2023-03-03 16:38:27.637722002,0.14,1,0.12,30,0.14,1,Buy,1,0
351,2023-03-03 16:45:18.978016682,0.15,1,0.13,4,0.15,7,Buy,1,0
352,2023-03-03 16:45:30.943450150,0.15,6,0.13,5,0.15,6,Buy,6,0
353,2023-03-03 17:11:48.403018665,0.14,1,0.12,35,0.14,1,Buy,1,0
354,2023-03-03 17:11:58.118337359,0.14,1,0.12,35,0.14,1,Buy,1,0
355,2023-03-03 17:11:58.128309561,0.14,1,0.12,35,0.14,1,Buy,1,0
356,2023-03-03 17:12:00.327600305,0.14,1,0.12,35,0.14,1,Buy,1,0
357,2023-03-03 17:14:36.032745281,0.14,1,0.13,1,0.14,1,Buy,1,0
358,2023-03-03 17:34:25.907605992,0.14,1,0.12,38,0.14,1,Buy,1,0
359,2023-03-03 17:34:25.907605992,0.14,1,0.12,38,0.14,1,Buy,1,0
360,2023-03-03 17:34:25.907605992,0.14,1,0.12,38,0.14,1,Buy,1,0
361,2023-03-03 17:34:35.513431353,0.14,1,0.12,38,0.14,1,Buy,1,0
362,2023-03-03 17:34:35.543306883,0.14,1,0.12,38,0.14,1,Buy,1,0
363,2023-03-03 17:36:01.138345983,0.14,1,0.13,3,0.14,1,Buy,1,0
364,2023-03-03 17:36:47.012965763,0.14,1,0.13,1,0.14,1,Buy,1,0
365,2023-03-03 17:38:11.787525270,0.14,1,0.13,6,0.14,1,Buy,1,0
366,2023-03-06 19:15:23.057958100,0.13,1,0.12,42,0.13,1,Buy,1,0
367,2023-03-06 19:15:23.072828835,0.14,1,0.12,41,0.14,1,Buy,1,0
368,2023-03-07 14:43:55.648319297,0.12,1,0.12,40,0.13,3,Sell,0,1
369,2023-03-07 14:43:58.858226277,0.12,1,0.12,39,0.13,3,Sell,0,1
370,2023-03-07 14:43:58.957865997,0.12,1,0.12,38,0.13,3,Sell,0,1
371,2023-03-07 14:43:59.968342671,0.12,3,0.12,37,0.13,3,Sell,0,3
372,2023-03-07 14:44:00.067966776,0.12,1,0.12,34,0.13,3,Sell,0,1
373,2023-03-07 14:44:00.158509559,0.12,1,0.12,33,0.13,3,Sell,0,1
374,2023-03-07 14:44:00.282997926,0.12,1,0.12,32,0.13,3,Sell,0,1
375,2023-03-07 14:44:00.453239020,0.12,1,0.12,31,0.13,3,Sell,0,1
376,2023-03-07 14:44:00.853474540,0.12,2,0.12,30,0.13,3,Sell,0,2
377,2023-03-07 14:44:00.963038279,0.12,2,0.12,28,0.13,3,Sell,0,2
378,2023-03-07 14:44:01.062664710,0.12,1,0.12,26,0.13,3,Sell,0,1
379,2023-03-07 14:44:01.158130165,0.12,1,0.12,25,0.13,3,Sell,0,1
380,2023-03-07 14:44:01.257794482,0.12,2,0.12,24,0.13,3,Sell,0,2
381,2023-03-07 14:44:01.358290634,0.12,2,0.12,22,0.13,3,Sell,0,2
382,2023-03-07 14:44:01.462795154,0.12,2,0.12,20,0.13,3,Sell,0,2
383,2023-03-07 14:44:01.558369558,0.12,1,0.12,18,0.13,3,Sell,0,1
384,2023-03-07 14:44:01.667914198,0.12,1,0.12,17,0.13,3,Sell,0,1
385,2023-03-07 14:44:01.762696682,0.12,1,0.12,16,0.13,3,Sell,0,1
386,2023-03-07 14:44:01.863071856,0.12,1,0.12,15,0.13,3,Sell,0,1
387,2023-03-07 14:44:02.258313932,0.12,1,0.12,14,0.13,3,Sell,0,1
388,2023-03-07 14:44:02.367854285,0.12,1,0.12,13,0.13,3,Sell,0,1
389,2023-03-07 14:44:02.458406064,0.12,1,0.12,12,0.13,3,Sell,0,1
390,2023-03-07 14:44:02.558040813,0.12,1,0.12,11,0.13,3,Sell,0,1
391,2023-03-07 14:44:02.662568591,0.12,1,0.12,10,0.13,3,Sell,0,1
392,2023-03-07 14:44:02.758089786,0.12,1,0.12,9,0.13,3,Sell,0,1
393,2023-03-07 14:44:02.857755725,0.12,1,0.12,8,0.13,3,Sell,0,1
394,2023-03-07 14:45:59.543169692,0.12,1,0.12,7,0.13,3,Sell,0,1
395,2023-03-07 14:46:16.507630249,0.12,5,0.12,6,0.13,4,Sell,0,5
396,2023-03-07 14:46:16.507630249,0.12,1,0.12,1,0.13,4,Sell,0,1
397,2023-03-07 15:25:31.677498255,0.11,1,0.11,3,0.13,7,Sell,0,1
398,2023-03-07 17:08:36.787619759,0.11,2,0.11,2,0.13,19,Sell,0,2
399,2023-03-07 18:42:03.558008299,0.11,1,0.11,1,0.13,8,Sell,0,1
400,2023-03-08 01:33:38.577675446,0.11,1,0.1,36,0.11,2,Buy,1,0
401,2023-03-09 14:30:47.127762651,0.13,1,0.11,1,0.13,8,Buy,1,0
402,2023-03-09 14:30:52.738120208,0.13,1,0.11,1,0.13,7,Buy,1,0
403,2023-03-09 14:47:05.328168887,0.13,3,0.11,4,0.13,6,Buy,3,0
404,2023-03-09 16:15:13.647971298,0.13,3,0.11,10,0.13,3,Buy,3,0
405,2023-03-09 18:29:48.547621794,0.11,3,0.11,3,0.13,2,Sell,0,3
406,2023-03-09 19:15:16.327734426,0.12,1,0.1,8,0.12,1,Buy,1,0
407,2023-03-09 19:15:16.327734426,0.13,1,0.1,8,0.12,1,Buy,1,0
408,2023-03-09 19:15:38.708426902,0.1,1,0.1,8,0.11,1,Sell,0,1
409,2023-03-09 19:15:40.732528171,0.1,7,0.1,7,0.11,6,Sell,0,7
410,2023-03-09 19:19:23.617601859,0.12,1,0.11,1,0.12,2,Buy,1,0
411,2023-03-10 02:16:21.413411313,0.12,1,0.09,21,0.12,1,Buy,1,0
412,2023-03-10 15:02:03.572684327,0.12,1,0.1,5,0.12,1,Buy,1,0
413,2023-03-10 15:42:29.187888206,0.1,2,0.1,2,0.11,2,Sell,0,2
414,2023-03-10 15:51:29.418067402,0.09,2,0.09,19,0.1,8,Sell,0,2
415,2023-03-10 15:59:37.503308715,0.09,5,0.09,5,0.1,10,Sell,0,5
416,2023-03-10 16:05:38.107562234,0.11,4,0.08,58,0.11,6,Buy,4,0
417,2023-03-10 16:05:38.113470644,0.11,1,0.08,57,0.11,2,Buy,1,0
418,2023-03-10 16:12:50.407774535,0.11,1,0.09,2,0.11,1,Buy,1,0
419,2023-03-10 18:56:13.238053697,0.1,4,0.1,4,0.11,3,Sell,0,4
420,2023-03-10 19:01:07.153116539,0.1,1,0.1,1,0.11,2,Sell,0,1
421,2023-03-10 19:01:22.823280246,0.1,1,0.1,1,0.11,2,Sell,0,1
422,2023-03-10 19:14:38.402979874,0.1,2,0.1,2,0.12,9,Sell,0,2
423,2023-03-13 04:00:22.822599399,0.12,2,0.11,2,0.12,2,Buy,2,0
424,2023-03-13 12:05:28.877807639,0.12,3,0.1,4,0.12,3,Buy,3,0
425,2023-03-13 12:09:14.267857505,0.13,1,0.1,6,0.13,3,Buy,1,0
426,2023-03-13 14:20:26.783298912,0.13,1,0.12,3,0.13,13,Buy,1,0
427,2023-03-13 14:44:22.667589097,0.13,1,0.12,2,0.13,27,Buy,1,0
428,2023-03-13 17:27:58.507604236,0.11,1,0.11,1,0.12,1,Sell,0,1
429,2023-03-13 17:36:16.917542369,0.1,1,0.1,6,0.12,2,Sell,0,1
430,2023-03-13 17:42:00.942608440,0.12,1,0.1,7,0.12,2,Buy,1,0
431,2023-03-13 17:42:00.942608440,0.12,1,0.11,1,0.12,1,Buy,1,0
432,2023-03-14 14:32:01.177704673,0.13,1,0.12,2,0.13,19,Buy,1,0
433,2023-03-14 15:16:32.962619649,0.13,2,0.12,2,0.13,17,Buy,2,0
434,2023-03-14 15:49:46.052578309,0.13,1,0.11,2,0.13,15,Buy,1,0
435,2023-03-14 15:50:02.758203107,0.13,1,0.11,2,0.13,14,Buy,1,0
436,2023-03-14 15:50:02.758203107,0.13,1,0.11,2,0.13,13,Buy,1,0
437,2023-03-14 18:06:22.288077023,0.11,1,0.11,2,0.12,2,Sell,0,1
438,2023-03-14 18:06:35.162575933,0.11,2,0.11,2,0.13,14,Sell,0,2
439,2023-03-14 18:06:35.198356845,0.11,1,0.11,1,0.13,13,Sell,0,1
440,2023-03-14 18:07:12.232740317,0.11,1,0.11,1,0.13,16,Sell,0,1
441,2023-03-14 18:07:12.363116494,0.11,1,0.11,1,0.13,14,Sell,0,1
442,2023-03-14 18:07:15.753235275,0.11,1,0.11,1,0.13,16,Sell,0,1
443,2023-03-15 13:35:04.658499378,0.11,1,0.11,3,0.12,1,Sell,0,1
444,2023-03-15 13:35:04.658499378,0.11,1,0.11,3,0.12,1,Sell,0,1
445,2023-03-15 13:35:04.663482751,0.11,2,0.11,2,0.12,2,Sell,0,2
446,2023-03-15 13:35:04.663482751,0.11,2,0.11,3,0.12,2,Sell,0,2
447,2023-03-15 13:35:04.663482751,0.11,3,0.11,3,0.12,2,Sell,0,3
448,2023-03-15 13:35:04.663482751,0.1,1,0.1,2,0.11,2,Sell,0,1
449,2023-03-15 13:35:04.668459810,0.1,1,0.1,1,0.12,3,Sell,0,1
450,2023-03-15 17:02:43.578138413,0.12,2,0.11,3,0.12,2,Buy,2,0
451,2023-03-16 14:18:59.467688397,0.1,2,0.1,2,0.12,15,Sell,0,2
452,2023-03-16 14:52:45.743661379,0.12,3,0.11,2,0.12,12,Buy,3,0
453,2023-03-16 14:52:45.743661379,0.12,8,0.1,2,0.12,9,Buy,8,0
454,2023-03-16 14:53:10.658208968,0.12,1,0.11,2,0.12,1,Buy,1,0
455,2023-03-16 14:58:32.227800254,0.13,1,0.12,1,0.13,34,Buy,1,0
456,2023-03-16 15:01:27.478142823,0.12,1,0.12,1,0.13,33,Sell,0,1
457,2023-03-16 15:01:27.483055477,0.12,1,0.11,4,0.12,1,Buy,1,0
458,2023-03-16 15:26:56.738203767,0.13,1,0.11,4,0.13,33,Buy,1,0
459,2023-03-16 15:38:29.908642374,0.13,1,0.12,5,0.13,32,Buy,1,0
460,2023-03-16 15:38:29.908642374,0.13,1,0.12,4,0.13,31,Buy,1,0
461,2023-03-16 15:41:01.863248086,0.13,3,0.12,3,0.13,30,Buy,3,0
462,2023-03-16 18:14:04.673297005,0.13,1,0.12,1,0.13,31,Buy,1,0
463,2023-03-16 18:14:40.282923689,0.13,1,0.12,2,0.13,30,Buy,1,0
464,2023-03-16 18:14:41.323316183,0.13,1,0.11,2,0.13,29,Buy,1,0
465,2023-03-16 18:17:04.992895000,0.13,1,0.11,2,0.13,28,Buy,1,0
466,2023-03-17 15:39:46.688132346,0.13,1,0.12,6,0.13,27,Buy,1,0
467,2023-03-17 15:39:46.693084203,0.13,1,0.12,7,0.13,26,Buy,1,0
468,2023-03-17 15:39:46.698076590,0.13,1,0.12,6,0.13,25,Buy,1,0
469,2023-03-17 16:04:32.152810351,0.11,2,0.11,2,0.13,27,Sell,0,2
470,2023-03-17 16:26:54.137563781,0.1,1,0.1,7,0.13,27,Sell,0,1
471,2023-03-20 14:01:23.722699626,0.12,1,0.1,7,0.12,1,Buy,1,0
472,2023-03-20 15:18:12.183135135,0.13,1,0.12,1,0.13,6,Buy,1,0
473,2023-03-20 15:18:12.188120160,0.13,3,0.11,3,0.13,5,Buy,3,0
474,2023-03-20 15:18:12.193094677,0.13,2,0.11,2,0.13,2,Buy,2,0
475,2023-03-20 15:26:00.122845558,0.13,1,0.12,1,0.13,1,Buy,1,0
476,2023-03-20 15:27:43.188161187,0.14,1,0.12,4,0.14,16,Buy,1,0
477,2023-03-20 15:28:17.252775002,0.14,1,0.13,1,0.14,15,Buy,1,0
478,2023-03-20 15:28:17.258501755,0.14,1,0.13,1,0.14,14,Buy,1,0
479,2023-03-20 15:28:17.258501755,0.14,2,0.13,1,0.14,13,Buy,2,0
480,2023-03-20 15:30:42.187938486,0.14,10,0.13,10,0.14,11,Buy,10,0
481,2023-03-20 15:30:42.187938486,0.14,1,0.13,3,0.14,1,Buy,1,0
482,2023-03-20 15:33:38.462674487,0.15,5,0.14,12,0.15,45,Buy,5,0
483,2023-03-20 15:37:47.613351496,0.15,1,0.14,28,0.15,40,Buy,1,0
484,2023-03-20 15:52:38.447568020,0.14,2,0.14,9,0.15,39,Sell,0,2
485,2023-03-21 14:12:46.478390667,0.12,2,0.12,2,0.14,3,Sell,0,2
486,2023-03-21 15:36:06.208277742,0.11,1,0.11,3,0.13,2,Sell,0,1
487,2023-03-21 15:36:06.208277742,0.11,1,0.11,2,0.13,1,Sell,0,1
488,2023-03-21 15:52:35.167913975,0.13,1,0.11,5,0.13,1,Buy,1,0
489,2023-03-21 17:09:58.527604683,0.11,2,0.11,2,0.13,13,Sell,0,2
490,2023-03-22 16:56:56.093350785,0.1,3,0.1,7,0.13,17,Sell,0,3
491,2023-03-22 18:09:51.237790933,0.1,1,0.1,4,0.11,3,Sell,0,1
492,2023-03-22 18:11:06.963145161,0.1,1,0.1,3,0.11,4,Sell,0,1
493,2023-03-23 10:15:41.567707528,0.1,1,0.1,1,0.11,6,Sell,0,1
494,2023-03-23 13:33:43.012735818,0.09,1,0.09,2,0.1,3,Sell,0,1
495,2023-03-23 13:33:43.012735818,0.09,1,0.09,1,0.1,3,Sell,0,1
496,2023-03-23 14:32:22.267594094,0.08,1,0.08,18,0.09,6,Sell,0,1
497,2023-03-23 14:32:22.267594094,0.08,5,0.08,17,0.09,5,Sell,0,5
498,2023-03-23 14:32:22.272654774,0.08,1,0.08,12,0.09,2,Sell,0,1
499,2023-03-23 14:32:22.272654774,0.08,1,0.08,11,0.09,2,Sell,0,1
500,2023-03-23 14:32:22.328286256,0.08,3,0.08,10,0.09,1,Sell,0,3
501,2023-03-23 14:34:15.632666339,0.08,1,0.08,7,0.09,1,Sell,0,1
502,2023-03-23 14:39:58.408126897,0.08,1,0.08,6,0.1,5,Sell,0,1
503,2023-03-23 15:02:48.358094664,0.08,1,0.08,5,0.1,5,Sell,0,1
504,2023-03-23 15:04:32.002876645,0.08,1,0.08,4,0.1,14,Sell,0,1
505,2023-03-23 15:06:36.723099866,0.08,1,0.08,3,0.1,11,Sell,0,1
506,2023-03-23 15:08:31.092756594,0.08,1,0.08,2,0.09,1,Sell,0,1
507,2023-03-23 15:08:31.097760179,0.08,1,0.08,1,0.09,1,Sell,0,1
508,2023-03-23 15:19:56.003517362,0.07,1,0.07,16,0.1,12,Sell,0,1
509,2023-03-23 15:23:44.362516371,0.07,1,0.07,15,0.09,2,Sell,0,1
510,2023-03-23 15:56:05.462987172,0.07,1,0.07,13,0.08,3,Sell,0,1
511,2023-03-23 16:03:56.562811704,0.08,2,0.07,12,0.08,4,Buy,2,0
512,2023-03-23 16:11:18.922947762,0.07,1,0.07,12,0.08,2,Sell,0,1
513,2023-03-23 16:13:13.103424468,0.07,1,0.07,11,0.08,5,Sell,0,1
514,2023-03-23 16:14:41.197565603,0.07,9,0.07,10,0.08,5,Sell,0,9
515,2023-03-23 16:14:41.288082895,0.07,1,0.07,1,0.08,2,Sell,0,1
516,2023-03-23 16:15:03.338222713,0.06,1,0.06,27,0.08,9,Sell,0,1
517,2023-03-23 16:15:05.777525330,0.06,1,0.06,26,0.08,13,Sell,0,1
518,2023-03-23 16:17:01.458464353,0.06,1,0.06,25,0.07,13,Sell,0,1
519,2023-03-23 16:18:53.367930750,0.06,1,0.06,24,0.07,16,Sell,0,1
520,2023-03-23 16:18:53.367930750,0.06,1,0.06,23,0.07,15,Sell,0,1
521,2023-03-23 16:18:53.367930750,0.06,2,0.06,22,0.07,14,Sell,0,2
522,2023-03-23 16:18:53.442758711,0.06,1,0.06,20,0.07,15,Sell,0,1
523,2023-03-23 16:18:58.227680034,0.06,3,0.06,19,0.07,17,Sell,0,3
524,2023-03-23 16:18:58.257860981,0.06,1,0.06,16,0.07,16,Sell,0,1
525,2023-03-23 16:18:58.257860981,0.06,1,0.06,15,0.07,16,Sell,0,1
526,2023-03-23 16:18:58.263407313,0.06,14,0.06,14,0.07,16,Sell,0,14
527,2023-03-23 16:19:58.037884119,0.05,1,0.05,17,0.06,12,Sell,0,1
528,2023-03-23 16:19:58.042883456,0.05,1,0.05,16,0.06,13,Sell,0,1
529,2023-03-23 16:20:16.027913960,0.05,1,0.05,15,0.06,11,Sell,0,1
530,2023-03-23 16:20:49.822480964,0.05,1,0.05,14,0.06,10,Sell,0,1
531,2023-03-23 16:22:44.002929899,0.05,2,0.05,13,0.06,10,Sell,0,2
532,2023-03-23 16:24:38.187727735,0.05,1,0.05,11,0.06,10,Sell,0,1
533,2023-03-23 16:28:26.553395752,0.05,1,0.05,10,0.06,15,Sell,0,1
534,2023-03-23 16:28:37.358109485,0.05,1,0.05,9,0.06,15,Sell,0,1
535,2023-03-23 16:28:37.358109485,0.05,5,0.05,8,0.06,15,Sell,0,5
536,2023-03-23 16:28:37.387808600,0.05,1,0.05,3,0.06,10,Sell,0,1
537,2023-03-23 16:35:24.497625141,0.05,1,0.05,2,0.06,10,Sell,0,1
538,2023-03-23 16:35:35.088219564,0.05,1,0.05,1,0.06,10,Sell,0,1
539,2023-03-23 16:57:47.968044374,0.05,1,0.04,15,0.05,1,Buy,1,0
540,2023-03-23 17:00:48.473225882,0.04,1,0.04,15,0.05,3,Sell,0,1
541,2023-03-23 17:01:35.783418908,0.04,1,0.04,14,0.05,3,Sell,0,1
542,2023-03-23 17:08:24.567570631,0.04,1,0.04,15,0.05,5,Sell,0,1
543,2023-03-23 17:10:18.558348714,0.04,1,0.04,14,0.05,5,Sell,0,1
544,2023-03-23 17:10:18.558348714,0.04,1,0.04,13,0.05,5,Sell,0,1
545,2023-03-23 17:10:18.753463700,0.04,1,0.04,12,0.05,5,Sell,0,1
546,2023-03-23 17:10:18.753463700,0.04,1,0.04,11,0.05,5,Sell,0,1
547,2023-03-23 17:12:12.742888199,0.04,1,0.04,10,0.05,5,Sell,0,1
548,2023-03-23 17:12:12.742888199,0.04,1,0.04,9,0.05,5,Sell,0,1
549,2023-03-23 17:12:12.742888199,0.04,1,0.04,8,0.05,5,Sell,0,1
550,2023-03-23 17:12:12.933005375,0.04,1,0.04,7,0.05,5,Sell,0,1
551,2023-03-23 17:12:12.933005375,0.04,1,0.04,6,0.05,5,Sell,0,1
552,2023-03-23 17:14:06.922856509,0.04,1,0.04,5,0.05,5,Sell,0,1
553,2023-03-23 17:14:06.923081456,0.04,1,0.04,4,0.05,5,Sell,0,1
554,2023-03-23 17:14:06.923081456,0.04,4,0.04,3,0.05,5,Sell,0,4
555,2023-03-23 17:14:06.928303518,0.04,1,0.04,2,0.05,1,Sell,0,1
556,2023-03-23 17:14:06.928303518,0.04,1,0.04,2,0.05,1,Sell,0,1
557,2023-03-23 17:16:01.102932079,0.04,1,0.04,7,0.05,1,Sell,0,1
558,2023-03-23 17:16:01.107795142,0.04,1,0.04,7,0.05,1,Sell,0,1
559,2023-03-23 17:16:01.107795142,0.04,1,0.04,7,0.05,1,Sell,0,1
560,2023-03-23 17:16:01.107795142,0.04,1,0.04,6,0.05,1,Sell,0,1
561,2023-03-23 17:18:12.198103335,0.04,1,0.04,4,0.05,1,Sell,0,1
562,2023-03-23 17:19:10.372505777,0.05,1,0.04,3,0.05,1,Buy,1,0
563,2023-03-23 17:28:22.017673798,0.04,3,0.04,3,0.06,10,Sell,0,3
564,2023-03-23 17:28:39.433142951,0.04,1,0.04,2,0.05,1,Sell,0,1
565,2023-03-23 17:28:39.437830915,0.04,1,0.04,2,0.05,1,Sell,0,1
566,2023-03-23 17:28:39.453048003,0.04,2,0.04,2,0.06,10,Sell,0,2
567,2023-03-23 17:28:39.453048003,0.04,1,0.04,2,0.06,10,Sell,0,1
568,2023-03-23 17:28:44.243012952,0.04,2,0.04,2,0.06,10,Sell,0,2
569,2023-03-23 17:31:51.523429655,0.04,3,0.04,2,0.06,10,Sell,0,3
570,2023-03-23 17:44:05.252862491,0.06,2,0.05,8,0.06,10,Buy,2,0
571,2023-03-23 17:44:17.443215183,0.06,8,0.05,6,0.06,8,Buy,8,0
572,2023-03-23 17:53:29.657877277,0.07,1,0.06,3,0.07,1,Buy,1,0
573,2023-03-23 18:04:02.278301903,0.08,3,0.06,4,0.08,3,Buy,3,0
574,2023-03-23 18:12:25.018202767,0.08,2,0.08,7,0.09,13,Sell,0,2
575,2023-03-23 18:14:03.113354485,0.09,10,0.08,7,0.09,10,Buy,10,0
576,2023-03-23 18:14:11.652867357,0.09,1,0.09,1,0.1,14,Sell,0,1
577,2023-03-23 18:14:14.897589654,0.09,1,0.08,5,0.09,9,Buy,1,0
578,2023-03-23 18:14:14.902606927,0.09,8,0.08,5,0.09,8,Buy,8,0
579,2023-03-24 00:00:00.288506909,0.09,2,0.04,16,0.09,10,Buy,2,0
580,2023-03-24 00:00:00.292682567,0.09,1,0.04,14,0.09,8,Buy,1,0
581,2023-03-24 14:42:29.967986267,0.09,1,0.08,1,0.09,12,Buy,1,0
582,2023-03-24 17:29:06.562842119,0.09,1,0.07,3,0.09,11,Buy,1,0
583,2023-03-24 17:29:06.582705570,0.09,2,0.07,3,0.09,10,Buy,2,0
584,2023-03-24 17:29:06.582705570,0.09,2,0.07,3,0.09,8,Buy,2,0
585,2023-03-24 17:29:06.587704097,0.09,2,0.07,2,0.09,6,Buy,2,0
586,2023-03-24 17:29:46.803048395,0.09,4,0.07,1,0.09,4,Buy,4,0
587,2023-03-24 17:29:46.832925613,0.1,1,0.06,19,0.1,29,Buy,1,0
588,2023-03-24 17:29:46.832925613,0.1,2,0.06,19,0.1,28,Buy,2,0
589,2023-03-24 17:29:46.832925613,0.1,2,0.06,19,0.1,26,Buy,2,0
590,2023-03-24 17:29:46.832925613,0.1,2,0.06,19,0.1,24,Buy,2,0
591,2023-03-24 17:29:46.832925613,0.1,3,0.06,18,0.1,22,Buy,3,0
592,2023-03-27 00:50:23.348129302,0.07,1,0.07,5,0.08,11,Sell,0,1
593,2023-03-27 00:51:28.713042413,0.07,1,0.07,2,0.09,7,Sell,0,1
594,2023-03-27 00:51:28.713042413,0.07,1,0.07,1,0.09,6,Sell,0,1
595,2023-03-27 00:51:28.718042073,0.06,1,0.06,15,0.09,5,Sell,0,1
596,2023-03-27 00:51:36.047387907,0.06,2,0.06,14,0.08,4,Sell,0,2
597,2023-03-27 00:51:36.062780870,0.06,1,0.06,12,0.07,1,Sell,0,1
598,2023-03-27 00:51:36.067737359,0.06,4,0.06,11,0.09,3,Sell,0,4
599,2023-03-27 00:51:36.082388781,0.06,2,0.06,7,0.08,2,Sell,0,2
600,2023-03-27 00:51:36.087655953,0.06,5,0.06,5,0.09,2,Sell,0,5
601,2023-03-27 00:51:46.282891550,0.05,1,0.05,5,0.08,2,Sell,0,1
602,2023-03-27 00:51:46.292843442,0.05,1,0.05,4,0.06,1,Sell,0,1
603,2023-03-27 00:51:46.292843442,0.05,3,0.05,3,0.07,2,Sell,0,3
604,2023-03-27 12:17:05.863845666,0.08,1,0.06,1,0.08,5,Buy,1,0
605,2023-03-27 12:17:05.868885266,0.08,2,0.06,1,0.08,4,Buy,2,0
606,2023-03-27 14:04:13.892302335,0.08,1,0.07,1,0.08,2,Buy,1,0
607,2023-03-27 15:41:49.617354935,0.07,1,0.07,5,0.08,7,Sell,0,1
608,2023-03-27 15:42:16.302114939,0.07,4,0.07,4,0.08,5,Sell,0,4
609,2023-03-27 15:47:41.572530210,0.05,15,0.05,16,0.07,13,Sell,0,15
610,2023-03-27 15:47:41.582497090,0.05,2,0.05,2,0.07,2,Sell,0,2
611,2023-03-27 15:47:41.582497090,0.05,1,0.05,1,0.07,2,Sell,0,1
612,2023-03-27 15:47:41.592421361,0.05,1,0.05,1,0.08,5,Sell,0,1
613,2023-03-27 15:47:41.592421361,0.05,1,0.05,1,0.08,5,Sell,0,1
614,2023-03-27 15:47:41.592421361,0.05,1,0.05,1,0.08,5,Sell,0,1
615,2023-03-27 15:47:41.592421361,0.05,1,0.05,1,0.08,5,Sell,0,1
616,2023-03-27 15:47:41.592421361,0.05,1,0.05,1,0.08,5,Sell,0,1
617,2023-03-27 15:47:41.592421361,0.05,1,0.05,1,0.08,5,Sell,0,1
618,2023-03-27 15:47:41.592421361,0.05,1,0.05,1,0.08,5,Sell,0,1
619,2023-03-27 15:47:41.592421361,0.05,1,0.05,1,0.08,5,Sell,0,1
620,2023-03-27 15:47:41.597383095,0.05,1,0.05,1,0.08,5,Sell,0,1
621,2023-03-27 15:47:41.597383095,0.05,1,0.05,1,0.08,5,Sell,0,1
622,2023-03-27 15:47:41.597383095,0.05,1,0.05,1,0.08,5,Sell,0,1
623,2023-03-27 15:47:41.602384519,0.05,1,0.05,1,0.08,5,Sell,0,1
624,2023-03-27 16:04:08.772732107,0.06,5,0.05,25,0.06,6,Buy,5,0
625,2023-03-27 16:11:31.992951116,0.06,1,0.05,25,0.06,1,Buy,1,0
626,2023-03-27 17:36:03.108102321,0.07,1,0.06,28,0.07,14,Buy,1,0
627,2023-03-27 17:54:41.893300928,0.06,27,0.06,29,0.07,23,Sell,0,27
628,2023-03-27 17:54:41.898278297,0.06,1,0.06,2,0.08,7,Sell,0,1
629,2023-03-27 17:54:41.898278297,0.06,1,0.06,1,0.08,5,Sell,0,1
630,2023-03-27 17:57:15.467752518,0.06,5,0.06,5,0.07,3,Sell,0,5
631,2023-03-27 18:14:09.522950931,0.07,1,0.06,10,0.07,7,Buy,1,0
632,2023-03-27 18:17:34.548442519,0.06,9,0.06,10,0.07,6,Sell,0,9
633,2023-03-27 18:18:41.253466395,0.06,1,0.06,1,0.08,2,Sell,0,1
634,2023-03-27 18:18:41.253466395,0.05,3,0.06,1,0.08,2,Buy,3,0
635,2023-03-28 13:48:29.463035859,0.07,3,0.07,3,0.08,1,Sell,0,3
636,2023-03-28 14:21:47.227576395,0.06,3,0.06,3,0.08,3,Sell,0,3
637,2023-03-28 14:31:21.083145106,0.05,16,0.05,17,0.06,16,Sell,0,16
638,2023-03-28 14:31:21.083145106,0.05,1,0.05,1,0.06,1,Sell,0,1
639,2023-03-28 14:37:04.782525636,0.06,1,0.04,19,0.06,8,Buy,1,0
640,2023-03-28 14:37:04.782525636,0.06,1,0.04,18,0.06,7,Buy,1,0
641,2023-03-28 14:42:55.357766535,0.05,3,0.05,3,0.06,6,Sell,0,3
642,2023-03-28 15:05:22.267993680,0.05,3,0.05,3,0.07,7,Sell,0,3
643,2023-03-28 15:37:32.387629962,0.04,1,0.04,17,0.06,13,Sell,0,1
644,2023-03-28 16:23:43.518506492,0.04,1,0.04,17,0.05,1,Sell,0,1
645,2023-03-28 16:35:19.757555095,0.05,2,0.05,2,0.06,1,Sell,0,2
646,2023-03-28 16:35:59.883295494,0.04,1,0.04,17,0.06,17,Sell,0,1
647,2023-03-28 17:12:19.107919568,0.05,5,0.04,19,0.05,5,Buy,5,0
648,2023-03-28 17:22:13.262629318,0.05,5,0.05,5,0.06,11,Sell,0,5
649,2023-03-28 17:57:32.298265951,0.07,2,0.05,11,0.07,2,Buy,2,0
650,2023-03-28 18:01:22.283160777,0.08,3,0.05,15,0.08,3,Buy,3,0
651,2023-03-29 14:31:27.267871814,0.07,20,0.06,25,0.07,21,Buy,20,0
652,2023-03-29 16:35:07.933373139,0.07,6,0.06,28,0.07,6,Buy,6,0
653,2023-03-29 16:35:07.933373139,0.07,4,0.07,4,0.08,6,Sell,0,4
654,2023-03-29 16:47:55.983023030,0.06,1,0.06,25,0.09,10,Sell,0,1
655,2023-03-29 16:48:27.608092449,0.06,1,0.06,24,0.08,1,Sell,0,1
656,2023-03-29 16:48:27.618063963,0.06,1,0.06,23,0.07,1,Sell,0,1
657,2023-03-29 16:53:16.003439359,0.06,20,0.06,22,0.07,19,Sell,0,20
658,2023-03-29 16:53:16.533132032,0.06,2,0.06,2,0.07,1,Sell,0,2
659,2023-03-29 16:54:47.143129321,0.05,3,0.05,18,0.06,3,Sell,0,3
660,2023-03-29 16:57:45.302625109,0.05,4,0.05,15,0.06,1,Sell,0,4
661,2023-03-29 16:57:49.352860499,0.05,3,0.05,11,0.06,1,Sell,0,3
662,2023-03-29 16:58:12.488230467,0.05,1,0.05,8,0.06,2,Sell,0,1
663,2023-03-29 17:03:03.847547667,0.05,1,0.05,17,0.06,2,Sell,0,1
664,2023-03-29 17:04:00.323490724,0.05,1,0.05,16,0.06,4,Sell,0,1
665,2023-03-29 17:04:03.598113453,0.05,1,0.05,15,0.06,4,Sell,0,1
666,2023-03-29 17:04:14.842740325,0.05,1,0.05,14,0.06,5,Sell,0,1
667,2023-03-29 17:04:23.972634210,0.05,3,0.05,3,0.06,9,Sell,0,3
668,2023-03-29 17:16:11.968037696,0.04,2,0.04,19,0.06,5,Sell,0,2
669,2023-03-29 17:17:31.568416844,0.05,5,0.05,5,0.06,5,Sell,0,5
670,2023-03-29 17:18:44.203399514,0.05,2,0.05,5,0.07,4,Sell,0,2
671,2023-03-29 17:18:48.983406389,0.05,1,0.05,3,0.07,1,Sell,0,1
672,2023-03-29 17:19:51.358451703,0.05,2,0.05,2,0.07,7,Sell,0,2
673,2023-03-29 17:34:12.252589077,0.05,5,0.05,5,0.06,1,Sell,0,5
674,2023-03-29 18:00:16.547724291,0.05,10,0.04,17,0.05,10,Buy,10,0
675,2023-03-29 18:00:23.998018039,0.05,1,0.05,1,0.06,8,Sell,0,1
676,2023-03-29 18:00:24.047810490,0.05,1,0.05,1,0.06,7,Sell,0,1
677,2023-03-29 18:02:42.563391130,0.05,9,0.05,10,0.06,9,Sell,0,9
678,2023-03-29 18:03:12.938007827,0.05,1,0.05,1,0.06,2,Sell,0,1
679,2023-03-29 18:05:36.118117303,0.04,1,0.04,21,0.06,2,Sell,0,1
680,2023-03-29 18:06:57.522650732,0.04,1,0.04,22,0.05,1,Sell,0,1
681,2023-03-29 18:07:18.627602315,0.04,1,0.04,21,0.05,1,Sell,0,1
682,2023-03-29 18:07:18.627602315,0.04,18,0.04,20,0.06,13,Sell,0,18
683,2023-03-29 18:08:58.807919016,0.04,3,0.04,3,0.05,2,Sell,0,3
684,2023-03-29 18:09:06.137715588,0.04,1,0.04,2,0.06,7,Sell,0,1
685,2023-03-29 18:09:09.092719325,0.04,1,0.04,2,0.06,11,Sell,0,1
686,2023-03-29 18:10:05.198282659,0.04,2,0.04,2,0.05,1,Sell,0,2
687,2023-03-29 18:10:05.792688747,0.04,1,0.04,1,0.06,9,Sell,0,1
688,2023-03-29 18:11:15.197847807,0.04,9,0.03,16,0.04,9,Buy,9,0
689,2023-03-29 18:11:28.597995430,0.04,1,0.04,1,0.06,11,Sell,0,1
690,2023-03-29 18:11:34.302946459,0.05,1,0.05,5,0.06,12,Sell,0,1
691,2023-03-29 18:11:34.302946459,0.05,4,0.05,4,0.06,11,Sell,0,4
692,2023-03-29 18:13:48.702622015,0.03,1,0.03,16,0.06,22,Sell,0,1
693,2023-03-29 18:14:48.612465905,0.03,1,0.03,15,0.05,4,Sell,0,1
694,2023-03-29 18:14:56.282813781,0.03,1,0.03,14,0.05,4,Sell,0,1
695,2023-03-30 16:00:35.528442300,0.03,2,0.03,15,0.05,2,Sell,0,2
696,2023-03-30 16:22:12.203285586,0.03,1,0.03,12,0.04,5,Sell,0,1
697,2023-03-30 16:22:16.343110035,0.03,10,0.03,11,0.04,11,Sell,0,10
698,2023-03-30 16:22:16.372974474,0.03,2,0.03,2,0.04,6,Sell,0,2
699,2023-03-30 16:22:16.402863375,0.03,1,0.03,1,0.04,6,Sell,0,1
700,2023-03-30 16:22:16.432699015,0.03,1,0.03,1,0.04,7,Sell,0,1
701,2023-03-30 16:22:16.467609723,0.03,1,0.03,1,0.04,7,Sell,0,1
702,2023-03-30 16:22:16.498397972,0.03,1,0.03,1,0.04,7,Sell,0,1
703,2023-03-30 16:22:16.528276417,0.03,1,0.03,1,0.04,7,Sell,0,1
704,2023-03-30 16:22:16.558147885,0.03,1,0.03,1,0.04,7,Sell,0,1
705,2023-03-30 16:22:16.593175603,0.03,1,0.03,1,0.04,7,Sell,0,1
706,2023-03-30 16:22:19.943288619,0.03,1,0.03,1,0.04,6,Sell,0,1
707,2023-03-30 16:55:40.393028768,0.03,1,0.03,6,0.04,9,Sell,0,1
708,2023-03-30 16:56:45.198393500,0.03,1,0.03,6,0.04,9,Sell,0,1
709,2023-03-30 17:05:58.372786437,0.03,5,0.03,5,0.04,10,Sell,0,5
710,2023-03-30 17:06:42.843441604,0.03,1,0.03,1,0.04,7,Sell,0,1
711,2023-03-30 17:06:42.913152290,0.03,1,0.03,1,0.04,8,Sell,0,1
712,2023-03-30 17:15:33.742653273,0.02,1,0.02,15,0.03,1,Sell,0,1
713,2023-03-30 17:15:33.742653273,0.02,2,0.02,14,0.04,9,Sell,0,2
714,2023-03-30 17:15:33.747632887,0.02,2,0.02,12,0.04,7,Sell,0,2
715,2023-03-30 17:15:39.842884212,0.02,4,0.02,30,0.03,10,Sell,0,4
716,2023-03-30 17:16:44.042909081,0.03,14,0.02,43,0.03,11,Buy,14,0
717,2023-03-30 17:17:35.792609093,0.03,6,0.03,6,0.04,10,Sell,0,6
718,2023-03-30 18:03:12.808262781,0.02,1,0.02,43,0.03,7,Sell,0,1
719,2023-03-30 18:04:09.903488743,0.02,2,0.02,45,0.03,13,Sell,0,2
720,2023-03-30 18:14:55.372481382,0.02,1,0.02,43,0.03,25,Sell,0,1
721,2023-03-31 12:14:02.152643179,0.02,3,0.02,42,0.03,3,Sell,0,3
722,2023-03-31 12:15:30.408013575,0.02,2,0.02,39,0.03,3,Sell,0,2
723,2023-03-31 12:17:06.453149958,0.02,2,0.02,37,0.03,2,Sell,0,2
724,2023-03-31 12:18:28.348463824,0.02,4,0.02,40,0.03,4,Sell,0,4
725,2023-03-31 12:19:24.237998648,0.02,4,0.02,36,0.03,4,Sell,0,4
726,2023-03-31 12:20:10.443049041,0.02,7,0.02,32,0.03,4,Sell,0,7
727,2023-03-31 13:30:21.717927575,0.02,1,0.02,26,0.03,1,Sell,0,1
728,2023-03-31 13:31:00.193040310,0.02,1,0.02,25,0.03,10,Sell,0,1
729,2023-03-31 13:31:00.197649609,0.02,1,0.02,24,0.03,9,Sell,0,1
730,2023-03-31 13:31:12.503563540,0.02,1,0.02,23,0.03,13,Sell,0,1
731,2023-03-31 13:31:29.603430455,0.02,1,0.02,22,0.03,18,Sell,0,1
732,2023-03-31 13:37:17.233608513,0.02,19,0.02,21,0.03,18,Sell,0,19
733,2023-03-31 13:37:17.243566716,0.02,2,0.02,2,0.04,3,Sell,0,2
734,2023-03-31 14:01:06.357738179,0.02,5,0.02,5,0.03,2,Sell,0,5
735,2023-03-31 14:22:15.543292692,0.02,5,0.02,5,0.03,7,Sell,0,5
736,2023-03-31 16:41:39.118411584,0.02,10,0.01,71,0.02,19,Buy,10,0
737,2023-03-31 17:01:08.362962315,0.02,2,0.01,71,0.02,5,Buy,2,0
738,2023-04-03 13:59:23.412605081,0.05,1,0.04,2,0.05,3,Buy,1,0
739,2023-04-03 13:59:23.552876239,0.05,1,0.04,3,0.05,2,Buy,1,0
740,2023-04-03 13:59:23.552876239,0.05,1,0.04,3,0.05,1,Buy,1,0
741,2023-04-03 14:39:21.203118147,0.05,1,0.04,5,0.05,1,Buy,1,0
742,2023-04-03 14:41:56.072959816,0.05,2,0.04,6,0.05,1,Buy,2,0
743,2023-04-03 14:41:56.092845967,0.05,1,0.04,5,0.05,1,Buy,1,0
744,2023-04-03 14:41:56.703144596,0.05,6,0.04,5,0.05,1,Buy,6,0
745,2023-04-03 14:41:56.708160227,0.06,3,0.04,5,0.05,1,Buy,3,0
746,2023-04-03 14:41:56.708160227,0.07,10,0.04,5,0.05,1,Buy,10,0
747,2023-04-03 14:45:38.112678963,0.07,1,0.05,6,0.07,28,Buy,1,0
748,2023-04-03 14:59:58.848290246,0.06,4,0.06,4,0.07,27,Sell,0,4
749,2023-04-03 14:59:58.848290246,0.06,2,0.05,1,0.06,2,Buy,2,0
750,2023-04-03 15:50:14.958182980,0.04,1,0.04,5,0.05,3,Sell,0,1
751,2023-04-03 15:50:14.958182980,0.04,1,0.04,4,0.05,2,Sell,0,1
752,2023-04-03 15:50:14.958182980,0.04,1,0.04,3,0.05,6,Sell,0,1
753,2023-04-03 15:50:14.962817707,0.04,1,0.04,2,0.05,5,Sell,0,1
754,2023-04-03 15:50:14.962817707,0.04,1,0.04,1,0.05,3,Sell,0,1
755,2023-04-03 15:51:52.408137776,0.03,1,0.03,1,0.04,5,Sell,0,1
756,2023-04-03 17:42:03.692688648,0.04,3,0.03,6,0.04,3,Buy,3,0
757,2023-04-03 18:18:49.893840978,0.04,1,0.03,9,0.04,1,Buy,1,0
758,2023-04-04 14:16:17.397700706,0.05,2,0.05,5,0.06,39,Sell,0,2
759,2023-04-04 14:16:17.402737856,0.05,1,0.05,3,0.06,35,Sell,0,1
760,2023-04-04 14:16:18.453085039,0.05,1,0.05,2,0.06,37,Sell,0,1
761,2023-04-04 14:18:13.803428724,0.05,1,0.05,1,0.06,36,Sell,0,1
762,2023-04-04 14:36:16.463347179,0.04,1,0.04,5,0.05,2,Sell,0,1
763,2023-04-04 14:36:16.468284431,0.04,1,0.04,4,0.05,4,Sell,0,1
764,2023-04-04 14:36:16.468284431,0.04,1,0.04,3,0.05,3,Sell,0,1
765,2023-04-04 14:36:16.478243007,0.04,1,0.04,2,0.05,2,Sell,0,1
766,2023-04-04 14:36:16.478243007,0.04,1,0.04,1,0.05,1,Sell,0,1
767,2023-04-05 13:53:06.687873738,0.05,1,0.05,2,0.06,24,Sell,0,1
768,2023-04-05 13:54:14.218265288,0.05,1,0.05,2,0.06,24,Sell,0,1
769,2023-04-05 13:54:15.593150945,0.05,1,0.05,2,0.06,24,Sell,0,1
770,2023-04-05 14:03:04.708335418,0.04,11,0.04,12,0.05,10,Sell,0,11
771,2023-04-05 17:14:30.222717396,0.04,1,0.04,13,0.06,28,Sell,0,1
772,2023-04-05 17:15:02.358205514,0.04,1,0.04,17,0.05,7,Sell,0,1
773,2023-04-05 17:36:40.982561230,0.04,1,0.04,16,0.05,10,Sell,0,1
774,2023-04-05 18:08:35.167445764,0.04,1,0.04,15,0.06,24,Sell,0,1
775,2023-04-05 18:10:14.412547957,0.04,1,0.04,14,0.05,1,Sell,0,1
776,2023-04-05 18:10:14.422558105,0.04,1,0.04,13,0.06,25,Sell,0,1
777,2023-04-05 18:10:27.923161538,0.04,3,0.04,17,0.05,6,Sell,0,3
778,2023-04-05 18:11:00.117765568,0.04,2,0.04,16,0.05,9,Sell,0,2
779,2023-04-05 18:13:07.452564469,0.04,2,0.04,14,0.05,7,Sell,0,2
780,2023-04-05 18:14:53.873110652,0.04,1,0.04,12,0.05,6,Sell,0,1
781,2023-04-05 18:16:56.563264316,0.04,10,0.04,11,0.05,11,Sell,0,10
782,2023-04-06 13:31:14.687976031,0.04,7,0.04,7,0.06,31,Sell,0,7
783,2023-04-06 13:32:56.242971875,0.04,1,0.04,10,0.05,4,Sell,0,1
784,2023-04-06 13:32:56.242971875,0.04,4,0.04,9,0.05,4,Sell,0,4
785,2023-04-06 13:32:56.252952573,0.04,1,0.04,5,0.05,4,Sell,0,1
786,2023-04-06 13:32:56.252952573,0.04,2,0.04,4,0.05,4,Sell,0,2
787,2023-04-06 13:32:56.252952573,0.04,1,0.04,2,0.05,4,Sell,0,1
788,2023-04-06 13:32:56.257875113,0.04,1,0.04,1,0.05,4,Sell,0,1
789,2023-04-06 13:32:56.257875113,0.03,1,0.04,1,0.05,4,Buy,1,0
790,2023-04-06 13:32:56.262907740,0.03,3,0.03,15,0.04,2,Sell,0,3
791,2023-04-06 13:41:28.372620039,0.04,1,0.03,9,0.04,3,Buy,1,0
792,2023-04-06 16:06:54.038177860,0.03,1,0.03,9,0.04,1,Sell,0,1
793,2023-04-06 16:26:40.787893714,0.03,8,0.03,8,0.04,13,Sell,0,8
794,2023-04-06 18:11:06.707799415,0.02,1,0.02,42,0.04,3,Sell,0,1
795,2023-04-06 18:11:06.732633648,0.02,1,0.02,41,0.03,3,Sell,0,1
796,2023-04-06 18:11:06.737635579,0.02,1,0.02,40,0.03,2,Sell,0,1
797,2023-04-06 18:11:06.737635579,0.02,1,0.02,39,0.03,1,Sell,0,1
798,2023-04-06 18:11:06.747598784,0.02,1,0.02,38,0.04,4,Sell,0,1
799,2023-04-06 18:11:06.772479984,0.02,1,0.02,37,0.03,2,Sell,0,1
800,2023-04-06 18:11:06.782478794,0.02,1,0.02,36,0.03,2,Sell,0,1
801,2023-04-06 18:11:06.782478794,0.02,2,0.02,35,0.03,2,Sell,0,2
802,2023-04-06 18:11:06.788398057,0.02,1,0.02,33,0.04,3,Sell,0,1
803,2023-04-06 18:11:06.803359165,0.02,1,0.02,32,0.04,3,Sell,0,1
804,2023-04-06 18:11:06.813295548,0.02,1,0.02,31,0.03,7,Sell,0,1
805,2023-04-06 18:11:06.818256263,0.02,1,0.02,30,0.03,6,Sell,0,1
806,2023-04-06 18:11:06.823257237,0.02,1,0.02,29,0.03,5,Sell,0,1
807,2023-04-06 18:11:06.828212685,0.02,1,0.02,28,0.03,4,Sell,0,1
808,2023-04-06 18:11:06.828212685,0.02,1,0.02,27,0.03,3,Sell,0,1
809,2023-04-06 18:11:06.828212685,0.02,1,0.02,26,0.03,2,Sell,0,1
810,2023-04-06 18:11:06.888001830,0.02,2,0.02,25,0.03,4,Sell,0,2
811,2023-04-06 18:11:06.922804599,0.02,1,0.02,23,0.04,3,Sell,0,1
812,2023-04-06 18:11:06.922804599,0.02,1,0.02,22,0.03,1,Sell,0,1
813,2023-04-06 18:11:06.932756593,0.02,3,0.02,21,0.04,3,Sell,0,3
814,2023-04-06 18:11:06.942708144,0.02,1,0.02,18,0.04,3,Sell,0,1
815,2023-04-06 18:11:06.952676479,0.02,1,0.02,17,0.03,1,Sell,0,1
816,2023-04-06 18:11:06.962628452,0.02,1,0.02,16,0.04,3,Sell,0,1
817,2023-04-06 18:11:06.972573049,0.02,15,0.02,15,0.04,3,Sell,0,15
818,2023-04-06 18:11:08.712680784,0.02,1,0.01,82,0.02,4,Buy,1,0
819,2023-04-06 18:11:08.717980790,0.02,2,0.01,82,0.02,3,Buy,2,0
820,2023-04-10 17:47:39.582522732,0.02,1,0.02,24,0.03,6,Sell,0,1
821,2023-04-10 18:00:58.828124951,0.02,21,0.02,23,0.03,18,Sell,0,21
822,2023-04-10 18:01:11.402972769,0.02,1,0.02,2,0.04,22,Sell,0,1
823,2023-04-10 18:01:11.402972769,0.02,1,0.02,1,0.04,18,Sell,0,1
824,2023-04-11 15:57:27.808045088,0.02,5,0.02,5,0.04,23,Sell,0,5
825,2023-04-11 17:32:34.262704921,0.03,1,0.01,63,0.03,1,Buy,1,0
826,2023-04-11 17:32:34.292594522,0.03,1,0.03,1,0.04,23,Sell,0,1
827,2023-04-11 17:37:09.932953567,0.03,1,0.03,1,0.04,26,Sell,0,1
828,2023-04-11 17:40:32.498248040,0.03,1,0.03,1,0.04,27,Sell,0,1
829,2023-04-11 17:40:32.503260494,0.03,1,0.03,1,0.04,27,Sell,0,1
830,2023-04-11 17:40:42.933453315,0.03,1,0.03,1,0.04,25,Sell,0,1
831,2023-04-11 17:56:43.422906835,0.03,1,0.01,63,0.03,1,Buy,1,0
832,2023-04-11 17:56:51.778194078,0.03,1,0.01,63,0.03,1,Buy,1,0
833,2023-04-11 17:56:51.783164100,0.03,1,0.03,1,0.04,13,Sell,0,1
834,2023-04-12 13:41:47.967951753,0.03,1,0.01,63,0.03,15,Buy,1,0
835,2023-04-12 14:44:59.597734892,0.01,1,0.01,63,0.03,1,Sell,0,1
836,2023-04-12 14:51:44.543172431,0.02,21,0.01,60,0.02,21,Buy,21,0
837,2023-04-12 15:02:08.007850714,0.02,16,0.02,17,0.03,15,Sell,0,16
838,2023-04-12 15:02:08.007850714,0.02,1,0.02,1,0.03,1,Sell,0,1
839,2023-04-12 15:15:55.578084697,0.01,1,0.01,60,0.02,11,Sell,0,1
840,2023-04-12 16:30:30.673042564,0.02,1,0.02,33,0.03,15,Sell,0,1
841,2023-04-12 16:57:30.647968967,0.02,27,0.02,29,0.03,22,Sell,0,27
842,2023-04-12 17:02:16.157998744,0.02,2,0.02,2,0.04,21,Sell,0,2
843,2023-04-12 18:14:00.028073267,0.02,1,0.02,30,0.03,10,Sell,0,1
844,2023-04-13 07:38:48.288393359,0.03,1,0.01,94,0.03,6,Buy,1,0
845,2023-04-13 13:36:07.197828721,0.01,3,0.01,94,0.03,6,Sell,0,3
846,2023-04-13 14:17:30.132546242,0.04,1,0.01,92,0.04,20,Buy,1,0
847,2023-04-13 14:21:06.557984183,0.04,1,0.02,2,0.04,15,Buy,1,0
848,2023-04-13 14:21:06.557984183,0.04,1,0.02,1,0.04,14,Buy,1,0
849,2023-04-13 15:08:20.268111240,0.02,1,0.02,1,0.04,13,Sell,0,1
850,2023-04-13 17:20:09.322820309,0.02,1,0.02,15,0.03,27,Sell,0,1
851,2023-04-13 17:20:09.468123828,0.02,13,0.02,14,0.03,28,Sell,0,13
852,2023-04-13 17:20:11.038230632,0.02,1,0.02,1,0.03,27,Sell,0,1
853,2023-04-13 17:20:11.068187559,0.02,5,0.02,5,0.03,21,Sell,0,5
854,2023-04-13 17:20:11.137794535,0.02,5,0.02,5,0.03,17,Sell,0,5
855,2023-04-13 17:20:13.872813813,0.02,5,0.02,5,0.03,17,Sell,0,5
856,2023-04-13 17:20:13.872813813,0.02,7,0.02,5,0.03,15,Sell,0,7
857,2023-04-13 17:20:13.872813813,0.02,7,0.02,3,0.03,15,Sell,0,7
858,2023-04-13 17:20:59.088216719,0.02,1,0.02,1,0.03,19,Sell,0,1
859,2023-04-13 17:21:04.548243908,0.02,5,0.02,5,0.03,16,Sell,0,5
860,2023-04-13 17:21:16.272711978,0.02,5,0.02,5,0.03,11,Sell,0,5
861,2023-04-13 17:26:26.048179299,0.02,5,0.02,5,0.03,14,Sell,0,5
862,2023-04-13 18:10:14.997596959,0.03,2,0.02,2,0.03,3,Buy,2,0
863,2023-04-13 18:10:31.622545594,0.03,1,0.02,3,0.03,1,Buy,1,0
864,2023-04-13 18:10:31.632531190,0.04,2,0.03,3,0.04,17,Buy,2,0
865,2023-04-13 18:10:31.953113197,0.03,4,0.02,13,0.03,4,Buy,4,0
866,2023-04-13 18:13:16.942576998,0.03,1,0.02,15,0.03,5,Buy,1,0
867,2023-04-13 18:13:16.942576998,0.03,4,0.02,14,0.03,4,Buy,4,0
868,2023-04-13 18:13:17.278000473,0.03,3,0.03,3,0.04,15,Sell,0,3
869,2023-04-13 18:13:17.643404498,0.03,4,0.02,10,0.03,4,Buy,4,0
870,2023-04-13 18:13:18.032681333,0.03,1,0.02,12,0.03,3,Buy,1,0
871,2023-04-13 18:13:18.032681333,0.03,2,0.02,12,0.03,2,Buy,2,0
872,2023-04-13 18:13:47.043285651,0.03,3,0.02,13,0.03,3,Buy,3,0
873,2023-04-13 18:14:01.648103312,0.04,4,0.03,2,0.04,15,Buy,4,0
874,2023-04-14 16:41:11.727656794,0.04,3,0.03,6,0.04,10,Buy,3,0
875,2023-04-14 16:59:21.577956288,0.04,3,0.03,16,0.04,7,Buy,3,0
876,2023-04-14 16:59:21.582918196,0.04,4,0.03,11,0.04,4,Buy,4,0
877,2023-04-14 16:59:22.823480082,0.04,1,0.03,7,0.04,4,Buy,1,0
878,2023-04-14 16:59:24.082998958,0.04,1,0.03,7,0.04,3,Buy,1,0
879,2023-04-14 16:59:24.188463136,0.04,1,0.03,7,0.04,2,Buy,1,0
880,2023-04-14 16:59:29.607686780,0.04,1,0.03,6,0.04,1,Buy,1,0
881,2023-04-14 17:20:07.143317718,0.04,5,0.03,4,0.04,5,Buy,5,0
882,2023-04-14 17:27:58.948109371,0.04,2,0.03,18,0.04,5,Buy,2,0
883,2023-04-14 17:30:08.347813673,0.04,1,0.03,19,0.04,3,Buy,1,0
884,2023-04-14 17:30:08.347813673,0.04,2,0.03,19,0.04,2,Buy,2,0
885,2023-04-14 17:31:42.202639527,0.04,5,0.03,19,0.04,5,Buy,5,0
886,2023-04-14 17:31:42.538058988,0.04,1,0.03,17,0.04,1,Buy,1,0
887,2023-04-14 17:40:23.223163209,0.05,1,0.04,5,0.05,14,Buy,1,0
888,2023-04-14 18:04:14.962871096,0.05,1,0.04,3,0.05,13,Buy,1,0
889,2023-04-14 18:06:33.172846350,0.05,3,0.03,11,0.05,12,Buy,3,0
890,2023-04-14 18:09:25.812547529,0.05,1,0.04,1,0.05,9,Buy,1,0
891,2023-04-17 15:53:43.283050670,0.03,9,0.03,10,0.04,8,Sell,0,9
892,2023-04-17 17:19:06.907836360,0.05,1,0.04,3,0.05,8,Buy,1,0
893,2023-04-19 12:15:58.757462966,0.05,1,0.04,7,0.05,7,Buy,1,0
894,2023-04-19 13:33:13.427604350,0.05,1,0.04,6,0.05,5,Buy,1,0
895,2023-04-19 13:37:44.233119764,0.05,1,0.04,3,0.05,4,Buy,1,0
896,2023-04-19 14:12:01.482665995,0.05,2,0.03,32,0.05,3,Buy,2,0
897,2023-04-19 14:12:14.152906450,0.05,1,0.03,38,0.05,1,Buy,1,0
898,2023-04-19 17:29:13.922631757,0.06,1,0.05,8,0.06,17,Buy,1,0
899,2023-04-19 18:18:39.262670775,0.06,1,0.05,6,0.06,19,Buy,1,0
900,2023-04-20 00:05:34.982443986,0.06,1,0.05,9,0.06,18,Buy,1,0
901,2023-04-20 10:14:05.593424937,0.06,4,0.05,9,0.06,17,Buy,4,0
902,2023-04-20 12:29:11.032485374,0.06,3,0.05,10,0.06,13,Buy,3,0
903,2023-04-20 12:30:22.812512726,0.06,1,0.05,9,0.06,10,Buy,1,0
904,2023-04-20 12:30:22.817823206,0.06,1,0.05,8,0.06,9,Buy,1,0
905,2023-04-20 13:30:06.518146911,0.06,1,0.05,2,0.06,8,Buy,1,0
906,2023-04-20 13:30:07.272821404,0.06,7,0.04,3,0.06,7,Buy,7,0
907,2023-04-20 13:50:15.842819774,0.06,5,0.06,13,0.07,29,Sell,0,5
908,2023-04-20 13:50:20.112866397,0.07,1,0.06,8,0.07,29,Buy,1,0
909,2023-04-20 14:03:24.218038568,0.07,1,0.06,7,0.07,28,Buy,1,0
910,2023-04-20 14:54:10.198032902,0.07,1,0.06,3,0.07,22,Buy,1,0
911,2023-04-20 14:54:10.202952502,0.07,1,0.06,2,0.07,21,Buy,1,0
912,2023-04-20 14:54:16.367898391,0.07,1,0.06,6,0.07,20,Buy,1,0
913,2023-04-20 14:55:03.347607908,0.07,1,0.06,5,0.07,19,Buy,1,0
914,2023-04-20 14:55:25.382817433,0.07,1,0.06,4,0.07,18,Buy,1,0
915,2023-04-20 14:55:25.392713532,0.07,1,0.06,3,0.07,17,Buy,1,0
916,2023-04-20 14:56:12.168276114,0.07,2,0.06,2,0.07,16,Buy,2,0
917,2023-04-20 14:56:12.178236825,0.07,1,0.06,5,0.07,14,Buy,1,0
918,2023-04-20 14:56:12.178236825,0.07,1,0.06,4,0.07,13,Buy,1,0
919,2023-04-20 14:56:17.408257950,0.07,1,0.06,5,0.07,12,Buy,1,0
920,2023-04-20 14:57:50.098169054,0.07,1,0.06,4,0.07,11,Buy,1,0
921,2023-04-20 14:57:50.113110567,0.07,9,0.06,8,0.07,10,Buy,9,0
922,2023-04-20 14:57:52.262765366,0.07,1,0.06,5,0.07,1,Buy,1,0
923,2023-04-20 15:16:20.642670784,0.07,1,0.06,9,0.07,3,Buy,1,0
924,2023-04-20 15:16:20.642670784,0.07,1,0.06,8,0.07,2,Buy,1,0
925,2023-04-20 15:16:20.652571485,0.07,1,0.06,6,0.07,1,Buy,1,0
926,2023-04-20 15:26:06.358109117,0.07,1,0.07,1,0.08,43,Sell,0,1
927,2023-04-20 15:33:35.598106672,0.08,1,0.07,4,0.08,43,Buy,1,0
928,2023-04-20 15:34:39.707503721,0.08,2,0.07,8,0.08,42,Buy,2,0
929,2023-04-20 15:35:06.348495492,0.08,2,0.07,12,0.08,40,Buy,2,0
930,2023-04-20 16:16:59.998461008,0.08,1,0.07,13,0.08,43,Buy,1,0
931,2023-04-20 18:04:55.163287489,0.08,1,0.07,24,0.08,72,Buy,1,0
932,2023-04-20 18:05:28.653192230,0.08,4,0.07,24,0.08,71,Buy,4,0
933,2023-04-20 18:05:28.658193647,0.08,2,0.07,25,0.08,67,Buy,2,0
934,2023-04-20 18:05:28.663143268,0.08,1,0.07,23,0.08,65,Buy,1,0
935,2023-04-20 18:05:28.668127527,0.08,1,0.07,22,0.08,64,Buy,1,0
936,2023-04-20 18:05:28.668127527,0.08,1,0.07,21,0.08,63,Buy,1,0
937,2023-04-20 18:05:28.737820010,0.08,1,0.07,26,0.08,62,Buy,1,0
938,2023-04-20 18:05:28.742843335,0.08,1,0.07,25,0.08,61,Buy,1,0
939,2023-04-20 18:05:43.183374045,0.08,1,0.07,21,0.08,60,Buy,1,0
940,2023-04-20 18:06:23.548087975,0.08,1,0.07,24,0.08,59,Buy,1,0
941,2023-04-20 18:06:50.242848318,0.07,2,0.07,20,0.08,59,Sell,0,2
942,2023-04-20 18:06:50.247874900,0.07,2,0.07,18,0.08,59,Sell,0,2
943,2023-04-20 18:06:50.247874900,0.07,1,0.07,16,0.08,59,Sell,0,1
944,2023-04-20 18:06:56.827969307,0.08,1,0.07,15,0.08,58,Buy,1,0
945,2023-04-20 18:07:06.258522160,0.08,1,0.07,19,0.08,57,Buy,1,0
946,2023-04-20 18:07:06.263484531,0.08,1,0.07,17,0.08,56,Buy,1,0
947,2023-04-20 18:07:06.263484531,0.08,1,0.07,16,0.08,55,Buy,1,0
948,2023-04-20 18:07:13.378266801,0.08,1,0.07,19,0.08,54,Buy,1,0
949,2023-04-20 18:07:14.478427512,0.08,2,0.07,22,0.08,53,Buy,2,0
950,2023-04-20 18:07:15.448161035,0.08,1,0.07,21,0.08,51,Buy,1,0
951,2023-04-20 18:07:15.453127229,0.08,1,0.07,20,0.08,50,Buy,1,0
952,2023-04-20 18:07:15.453127229,0.08,1,0.07,20,0.08,49,Buy,1,0
953,2023-04-20 18:07:15.458138730,0.08,1,0.07,20,0.08,48,Buy,1,0
954,2023-04-20 18:07:15.468110277,0.08,1,0.07,16,0.08,47,Buy,1,0
955,2023-04-20 18:07:15.473056337,0.08,1,0.07,16,0.08,46,Buy,1,0
956,2023-04-20 18:07:29.677641741,0.08,1,0.07,15,0.08,45,Buy,1,0
957,2023-04-20 18:07:29.682653247,0.08,10,0.07,15,0.08,44,Buy,10,0
958,2023-04-20 18:07:29.687593787,0.08,34,0.07,15,0.08,34,Buy,34,0
959,2023-04-20 18:07:29.718503868,0.06,1,0.06,2,0.09,92,Sell,0,1
960,2023-04-20 18:07:29.733396041,0.06,1,0.06,1,0.09,92,Sell,0,1
961,2023-04-20 18:08:23.397722194,0.08,1,0.06,14,0.08,2,Buy,1,0
962,2023-04-20 18:08:23.397722194,0.08,1,0.06,14,0.08,1,Buy,1,0
963,2023-04-20 18:08:38.768194445,0.09,1,0.07,6,0.09,92,Buy,1,0
964,2023-04-20 18:16:50.042566300,0.07,5,0.06,4,0.07,5,Buy,5,0
965,2023-04-20 18:16:50.047722137,0.07,1,0.07,2,0.08,5,Sell,0,1
966,2023-04-20 18:16:50.047722137,0.07,1,0.07,1,0.09,96,Sell,0,1
967,2023-04-20 18:18:49.112554702,0.08,1,0.08,1,0.09,91,Sell,0,1
968,2023-04-20 18:19:11.607787389,0.07,2,0.07,3,0.08,3,Sell,0,2
969,2023-04-20 18:19:11.607787389,0.07,1,0.07,1,0.08,1,Sell,0,1
970,2023-04-21 00:00:00.182625475,0.09,11,0.05,7,0.09,91,Buy,11,0
971,2023-04-21 00:46:16.463008188,0.09,1,0.08,1,0.09,80,Buy,1,0
972,2023-04-21 12:14:20.442581464,0.08,1,0.07,7,0.08,10,Buy,1,0
973,2023-04-21 12:14:20.447593048,0.08,1,0.07,7,0.08,9,Buy,1,0
974,2023-04-21 12:14:20.458536390,0.08,8,0.07,7,0.08,8,Buy,8,0
975,2023-04-21 12:14:23.867633042,0.09,1,0.08,1,0.09,79,Buy,1,0
976,2023-04-21 13:51:39.377982480,0.09,1,0.08,5,0.09,73,Buy,1,0
977,2023-04-21 14:00:36.853321486,0.08,1,0.07,6,0.08,1,Buy,1,0
978,2023-04-21 14:06:37.083151060,0.09,1,0.08,5,0.09,72,Buy,1,0
979,2023-04-21 14:34:39.623398759,0.07,1,0.07,3,0.08,2,Sell,0,1
980,2023-04-21 14:34:39.623398759,0.07,1,0.07,2,0.08,2,Sell,0,1
981,2023-04-21 14:34:42.517789615,0.07,1,0.07,1,0.08,2,Sell,0,1
982,2023-04-21 14:34:53.002650431,0.06,1,0.06,3,0.08,11,Sell,0,1
983,2023-04-21 14:34:53.017559595,0.06,1,0.06,2,0.07,1,Sell,0,1
984,2023-04-21 14:34:53.043450958,0.06,1,0.06,1,0.07,1,Sell,0,1
985,2023-04-21 14:34:53.113148029,0.05,1,0.05,1,0.07,1,Sell,0,1
986,2023-04-21 14:34:53.368052434,0.05,1,0.04,12,0.05,1,Buy,1,0
987,2023-04-21 14:35:17.483111405,0.04,1,0.04,12,0.05,1,Sell,0,1
988,2023-04-21 14:35:34.857801319,0.04,10,0.04,11,0.05,7,Sell,0,10
989,2023-04-21 14:35:35.043126115,0.04,1,0.04,1,0.06,1,Sell,0,1
990,2023-04-21 14:35:35.052966543,0.03,1,0.03,43,0.06,1,Sell,0,1
991,2023-04-21 14:36:05.567937644,0.04,20,0.03,42,0.04,20,Buy,20,0
992,2023-04-21 15:02:02.213142684,0.04,1,0.03,43,0.04,2,Buy,1,0
993,2023-04-21 15:02:02.803541008,0.04,1,0.03,51,0.04,1,Buy,1,0
994,2023-04-24 13:37:05.343285889,0.04,1,0.04,32,0.06,19,Sell,0,1
995,2023-04-24 16:21:39.953208000,0.04,1,0.04,29,0.05,1,Sell,0,1
996,2023-04-24 17:42:28.532849680,0.04,1,0.04,28,0.05,12,Sell,0,1
997,2023-04-24 17:54:26.887828229,0.04,1,0.04,17,0.05,9,Sell,0,1
998,2023-04-24 17:55:09.868049067,0.04,1,0.04,16,0.05,9,Sell,0,1
999,2023-04-24 18:01:02.122892261,0.04,14,0.04,15,0.05,12,Sell,0,14
1000,2023-04-24 18:12:32.338402590,0.05,1,0.04,3,0.05,1,Buy,1,0
1001,2023-04-25 13:44:41.043155604,0.04,5,0.04,5,0.05,12,Sell,0,5
1002,2023-04-25 15:32:48.017840214,0.03,3,0.03,42,0.04,3,Sell,0,3
1003,2023-04-25 15:35:38.972859734,0.03,1,0.03,39,0.04,3,Sell,0,1
1004,2023-04-25 15:38:29.923028396,0.03,1,0.03,38,0.04,6,Sell,0,1
1005,2023-04-25 15:52:44.672904719,0.03,1,0.03,37,0.04,12,Sell,0,1
1006,2023-04-25 16:01:17.717572484,0.03,1,0.03,36,0.04,7,Sell,0,1
1007,2023-04-25 16:18:23.412587585,0.03,1,0.03,35,0.04,19,Sell,0,1
1008,2023-04-25 16:24:05.122745081,0.03,1,0.03,34,0.04,19,Sell,0,1
1009,2023-04-25 16:34:03.123303715,0.03,26,0.03,28,0.04,7,Sell,0,26
1010,2023-04-25 16:34:03.848114940,0.03,2,0.03,2,0.04,8,Sell,0,2
1011,2023-04-25 16:55:25.762808721,0.02,1,0.02,54,0.04,8,Sell,0,1
1012,2023-04-25 16:58:16.713010684,0.02,1,0.02,53,0.04,7,Sell,0,1
1013,2023-04-25 17:18:13.173060686,0.02,1,0.02,49,0.04,2,Sell,0,1
1014,2023-04-25 17:21:04.123206286,0.02,1,0.02,48,0.05,20,Sell,0,1
1015,2023-04-25 17:26:46.217647000,0.02,1,0.02,47,0.05,17,Sell,0,1
1016,2023-04-25 17:29:36.972744552,0.02,1,0.02,46,0.05,17,Sell,0,1
1017,2023-04-25 18:19:44.812962325,0.02,1,0.02,46,0.03,2,Sell,0,1
1018,2023-04-26 12:25:46.502516996,0.02,1,0.02,45,0.03,6,Sell,0,1
1019,2023-04-26 12:25:46.502933289,0.02,2,0.02,44,0.03,5,Sell,0,2
1020,2023-04-26 14:26:34.867619230,0.04,1,0.02,44,0.04,6,Buy,1,0
1021,2023-04-26 14:26:34.872679581,0.04,1,0.02,45,0.04,5,Buy,1,0
1022,2023-04-26 14:26:34.872679581,0.04,1,0.03,1,0.04,4,Buy,1,0
1023,2023-04-26 14:27:29.452856229,0.04,3,0.03,7,0.04,3,Buy,3,0
1024,2023-04-26 15:20:24.432989812,0.03,1,0.03,5,0.04,1,Sell,0,1
1025,2023-04-26 16:19:26.712935628,0.03,1,0.03,4,0.04,6,Sell,0,1
1026,2023-04-26 16:19:26.712935628,0.03,3,0.03,3,0.04,7,Sell,0,3
1027,2023-04-26 16:22:18.827998350,0.02,1,0.02,42,0.03,4,Sell,0,1
1028,2023-04-26 16:22:23.793157735,0.02,1,0.02,41,0.03,1,Sell,0,1
1029,2023-04-26 16:47:21.493151070,0.03,1,0.02,41,0.03,20,Buy,1,0
1030,2023-04-26 16:47:21.508065078,0.03,1,0.02,42,0.03,19,Buy,1,0
1031,2023-04-26 16:47:21.508065078,0.03,1,0.02,41,0.03,18,Buy,1,0
1032,2023-04-26 16:52:30.643339523,0.03,1,0.02,44,0.03,1,Buy,1,0
1033,2023-04-26 16:52:30.643339523,0.03,1,0.03,4,0.05,24,Sell,0,1
1034,2023-04-27 17:08:17.828035707,0.02,1,0.02,40,0.03,4,Sell,0,1
1035,2023-04-27 17:08:17.828035707,0.02,2,0.02,39,0.03,2,Sell,0,2
1036,2023-04-27 17:08:17.828035707,0.02,3,0.02,37,0.03,2,Sell,0,3
1037,2023-04-27 17:08:17.828035707,0.02,1,0.02,34,0.03,4,Sell,0,1
1038,2023-04-27 17:38:02.783358937,0.02,2,0.02,33,0.03,5,Sell,0,2
1039,2023-04-27 17:38:02.783358937,0.02,2,0.02,31,0.03,2,Sell,0,2
1040,2023-04-27 17:55:10.412887297,0.02,27,0.02,29,0.03,26,Sell,0,27
1041,2023-04-27 17:55:10.412887297,0.02,2,0.02,2,0.03,3,Sell,0,2
1042,2023-04-27 18:04:45.987958198,0.01,1,0.01,97,0.02,26,Sell,0,1
1043,2023-04-27 18:04:45.992887416,0.01,1,0.01,96,0.02,24,Sell,0,1
1044,2023-04-27 18:04:46.083483462,0.01,1,0.01,95,0.02,12,Sell,0,1
1045,2023-04-27 18:04:46.088486722,0.01,1,0.01,94,0.02,11,Sell,0,1
1046,2023-04-27 18:05:17.323269993,0.01,1,0.01,93,0.02,9,Sell,0,1
1047,2023-04-27 18:07:33.202504217,0.02,1,0.01,92,0.02,7,Buy,1,0
1048,2023-04-27 18:14:37.613440483,0.02,1,0.01,92,0.02,2,Buy,1,0
1049,2023-04-28 08:07:06.917786380,0.01,3,0.01,92,0.02,26,Sell,0,3
1050,2023-04-28 08:28:53.923318836,0.01,1,0.01,89,0.02,17,Sell,0,1
1051,2023-04-28 13:50:21.552919678,0.03,20,0.02,11,0.03,20,Buy,20,0
1052,2023-04-28 13:53:12.903338761,0.03,1,0.02,56,0.03,5,Buy,1,0
1053,2023-04-28 13:53:13.072691331,0.03,1,0.02,56,0.03,4,Buy,1,0
1054,2023-04-28 13:53:13.247887893,0.03,1,0.02,56,0.03,3,Buy,1,0
1055,2023-04-28 13:53:13.428065794,0.03,1,0.02,56,0.03,2,Buy,1,0
1056,2023-04-28 13:53:37.382886190,0.03,1,0.02,56,0.03,1,Buy,1,0
1057,2023-04-28 16:15:20.593261809,0.02,1,0.02,4,0.04,29,Sell,0,1
1058,2023-05-01 14:56:13.578133330,0.02,2,0.02,3,0.04,29,Sell,0,2
1059,2023-05-01 15:00:34.117911369,0.02,1,0.02,1,0.04,36,Sell,0,1
1060,2023-05-01 16:27:24.803248468,0.01,2,0.01,87,0.02,35,Sell,0,2
1061,2023-05-01 16:27:24.808189492,0.01,2,0.01,85,0.02,33,Sell,0,2
1062,2023-05-01 16:31:00.972827026,0.01,1,0.01,83,0.02,27,Sell,0,1
1063,2023-05-01 16:31:00.977764981,0.01,1,0.01,82,0.02,26,Sell,0,1
1064,2023-05-01 16:31:00.977764981,0.01,1,0.01,81,0.02,25,Sell,0,1
1065,2023-05-01 16:31:47.358060192,0.01,3,0.01,80,0.02,30,Sell,0,3
1066,2023-05-01 16:31:47.363065030,0.01,1,0.01,77,0.02,29,Sell,0,1
1067,2023-05-01 16:31:47.397934268,0.01,2,0.01,76,0.02,21,Sell,0,2
1068,2023-05-01 16:31:47.457647089,0.01,1,0.01,74,0.02,24,Sell,0,1
1069,2023-05-01 16:31:59.552522103,0.01,2,0.01,73,0.02,23,Sell,0,2
1070,2023-05-01 16:32:02.113288201,0.01,1,0.01,71,0.02,25,Sell,0,1
1071,2023-05-01 16:32:02.118240888,0.01,1,0.01,70,0.02,24,Sell,0,1
1072,2023-05-01 16:32:02.512505444,0.01,1,0.01,69,0.02,25,Sell,0,1
1073,2023-05-01 16:32:03.192569453,0.01,2,0.01,68,0.02,24,Sell,0,2
1074,2023-05-01 16:32:06.577694599,0.01,2,0.01,66,0.02,20,Sell,0,2
1075,2023-05-01 16:59:36.953162891,0.01,2,0.01,64,0.02,32,Sell,0,2
1076,2023-05-01 17:26:35.597985626,0.01,1,0.01,61,0.02,39,Sell,0,1
1077,2023-05-01 17:32:39.257736178,0.01,2,0.01,60,0.02,35,Sell,0,2
1078,2023-05-01 18:13:06.367790563,0.01,1,0.01,58,0.02,31,Sell,0,1
1079,2023-05-02 12:05:18.892444414,0.02,3,0.01,70,0.02,10,Buy,3,0
1080,2023-05-02 12:05:18.897451386,0.02,3,0.01,67,0.02,7,Buy,3,0
1081,2023-05-02 12:05:18.898106065,0.02,4,0.01,64,0.02,4,Buy,4,0
1082,2023-05-03 13:38:44.532695782,0.04,15,0.03,2,0.04,27,Buy,15,0
1083,2023-05-03 14:52:13.112813738,0.04,1,0.03,11,0.04,12,Buy,1,0
1084,2023-05-03 14:52:13.112813738,0.04,2,0.03,11,0.04,11,Buy,2,0
1085,2023-05-03 15:03:12.568433304,0.04,2,0.03,12,0.04,9,Buy,2,0
1086,2023-05-03 15:09:28.842757872,0.04,1,0.03,16,0.04,7,Buy,1,0
1087,2023-05-03 15:15:25.622790124,0.04,6,0.03,21,0.04,6,Buy,6,0
1088,2023-05-03 15:15:25.657638382,0.05,2,0.04,4,0.05,15,Buy,2,0
1089,2023-05-03 15:15:25.678541859,0.05,1,0.04,2,0.05,13,Buy,1,0
1090,2023-05-03 15:15:25.678541859,0.05,2,0.04,1,0.05,12,Buy,2,0
1091,2023-05-03 15:15:25.678541859,0.05,2,0.04,1,0.05,10,Buy,2,0
1092,2023-05-03 15:15:25.693444720,0.05,7,0.04,1,0.05,7,Buy,7,0
1093,2023-05-03 15:15:54.603523815,0.06,1,0.05,1,0.06,27,Buy,1,0
1094,2023-05-03 15:16:30.997636022,0.05,1,0.05,1,0.06,26,Sell,0,1
1095,2023-05-03 15:17:59.168365594,0.06,1,0.04,1,0.06,25,Buy,1,0
1096,2023-05-03 16:08:10.113015161,0.03,1,0.03,22,0.04,16,Sell,0,1
1097,2023-05-03 18:04:11.463146760,0.03,1,0.03,17,0.05,9,Sell,0,1
1098,2023-05-03 18:14:41.982863960,0.03,1,0.03,16,0.04,3,Sell,0,1
1099,2023-05-04 14:56:08.623525336,0.05,1,0.04,5,0.05,21,Buy,1,0
1100,2023-05-04 15:03:21.733304298,0.05,4,0.03,29,0.05,20,Buy,4,0
1101,2023-05-04 18:11:41.848158425,0.03,1,0.03,20,0.04,13,Sell,0,1
1102,2023-05-04 18:12:17.788286106,0.03,1,0.03,19,0.04,10,Sell,0,1
1103,2023-05-04 18:12:53.727506348,0.03,1,0.03,18,0.04,9,Sell,0,1
1104,2023-05-05 13:55:21.018057881,0.05,4,0.04,9,0.05,31,Buy,4,0
1105,2023-05-05 13:55:28.117924133,0.05,5,0.04,3,0.05,27,Buy,5,0
1106,2023-05-05 14:46:37.492926385,0.04,1,0.04,5,0.05,23,Sell,0,1
1107,2023-05-05 15:35:07.448195589,0.05,1,0.04,42,0.05,22,Buy,1,0
1108,2023-05-05 16:09:28.037960120,0.05,5,0.04,41,0.05,21,Buy,5,0
1109,2023-05-05 16:09:53.873441256,0.05,1,0.04,41,0.05,16,Buy,1,0
1110,2023-05-05 16:13:20.208207997,0.05,14,0.04,41,0.05,15,Buy,14,0
1111,2023-05-05 16:13:20.208207997,0.05,1,0.04,30,0.05,1,Buy,1,0
1112,2023-05-05 18:14:45.287649797,0.05,1,0.04,40,0.05,1,Buy,1,0
1113,2023-05-05 18:14:55.532677471,0.05,1,0.04,42,0.05,1,Buy,1,0
1114,2023-05-05 18:15:26.952663554,0.05,1,0.05,4,0.06,24,Sell,0,1
1115,2023-05-08 10:59:57.022964031,0.06,2,0.05,3,0.06,24,Buy,2,0
1116,2023-05-08 11:59:37.087430123,0.06,14,0.05,2,0.06,22,Buy,14,0
1117,2023-05-08 11:59:43.647429920,0.06,5,0.05,3,0.06,8,Buy,5,0
1118,2023-05-08 11:59:47.197454610,0.06,1,0.05,3,0.06,3,Buy,1,0
1119,2023-05-08 11:59:51.597413465,0.06,1,0.05,3,0.06,2,Buy,1,0
1120,2023-05-08 12:02:01.187573826,0.06,1,0.05,7,0.06,1,Buy,1,0
1121,2023-05-08 13:30:00.133563640,0.06,1,0.06,5,0.07,22,Sell,0,1
1122,2023-05-08 13:30:00.133563640,0.06,1,0.06,4,0.07,22,Sell,0,1
1123,2023-05-08 13:31:34.377460444,0.07,6,0.06,7,0.07,22,Buy,6,0
1124,2023-05-08 13:31:38.182928561,0.07,2,0.06,5,0.07,16,Buy,2,0
1125,2023-05-08 13:31:42.822598372,0.07,2,0.06,3,0.07,14,Buy,2,0
1126,2023-05-08 13:36:33.633314279,0.06,1,0.06,6,0.07,14,Sell,0,1
1127,2023-05-08 13:36:33.792687694,0.06,1,0.06,5,0.07,14,Sell,0,1
1128,2023-05-08 13:40:53.943093992,0.06,4,0.06,9,0.07,23,Sell,0,4
1129,2023-05-08 13:40:53.943093992,0.06,5,0.06,5,0.07,19,Sell,0,5
1130,2023-05-08 13:40:53.943093992,0.06,2,0.06,10,0.07,14,Sell,0,2
1131,2023-05-08 13:40:53.943093992,0.06,1,0.06,8,0.07,18,Sell,0,1
1132,2023-05-08 13:40:53.948041447,0.06,1,0.06,7,0.07,18,Sell,0,1
1133,2023-05-08 13:43:13.468290726,0.06,1,0.06,6,0.07,18,Sell,0,1
1134,2023-05-08 13:43:23.073058083,0.06,1,0.06,5,0.07,17,Sell,0,1
1135,2023-05-08 13:45:25.922724588,0.06,4,0.06,9,0.07,18,Sell,0,4
1136,2023-05-08 13:46:53.188237693,0.06,5,0.06,5,0.07,18,Sell,0,5
1137,2023-05-08 13:47:04.212962541,0.06,3,0.06,10,0.07,17,Sell,0,3
1138,2023-05-08 13:47:04.212962541,0.06,1,0.06,7,0.07,13,Sell,0,1
1139,2023-05-08 14:07:16.133103813,0.07,1,0.06,7,0.07,12,Buy,1,0
1140,2023-05-08 15:13:31.817941722,0.06,2,0.06,7,0.07,17,Sell,0,2
1141,2023-05-08 15:13:31.817941722,0.06,2,0.06,5,0.07,17,Sell,0,2
1142,2023-05-08 15:13:32.703081768,0.06,2,0.06,8,0.07,16,Sell,0,2
1143,2023-05-08 15:13:32.703081768,0.06,2,0.06,6,0.07,16,Sell,0,2
1144,2023-05-08 15:13:32.703081768,0.06,2,0.06,4,0.07,16,Sell,0,2
1145,2023-05-08 15:14:11.447936849,0.06,2,0.06,2,0.07,23,Sell,0,2
1146,2023-05-08 15:43:41.737807658,0.06,1,0.06,5,0.07,12,Sell,0,1
1147,2023-05-08 15:43:41.952911681,0.06,4,0.06,4,0.07,13,Sell,0,4
1148,2023-05-08 15:44:04.228034893,0.06,5,0.06,5,0.07,24,Sell,0,5
1149,2023-05-08 15:46:09.967776526,0.07,10,0.06,10,0.07,10,Buy,10,0
1150,2023-05-08 18:14:32.633513436,0.07,9,0.06,8,0.07,10,Buy,9,0
1151,2023-05-08 18:14:33.242800849,0.07,1,0.05,8,0.07,1,Buy,1,0
1152,2023-05-09 14:37:51.422997443,0.07,1,0.06,3,0.07,30,Buy,1,0
1153,2023-05-09 14:39:01.817819533,0.07,4,0.06,4,0.07,29,Buy,4,0
1154,2023-05-09 14:39:01.822740710,0.07,1,0.06,3,0.07,25,Buy,1,0
1155,2023-05-09 14:39:20.218002361,0.07,1,0.06,1,0.07,24,Buy,1,0
1156,2023-05-09 14:39:20.403147044,0.07,1,0.06,1,0.07,23,Buy,1,0
1157,2023-05-09 14:39:56.042648399,0.07,2,0.05,8,0.07,22,Buy,2,0
1158,2023-05-09 14:39:56.252854514,0.07,2,0.05,8,0.07,20,Buy,2,0
1159,2023-05-09 14:39:56.462851966,0.07,2,0.05,8,0.07,18,Buy,2,0
1160,2023-05-09 14:39:56.662891170,0.07,2,0.05,8,0.07,16,Buy,2,0
1161,2023-05-09 14:40:07.933394798,0.07,2,0.05,8,0.07,14,Buy,2,0
1162,2023-05-09 14:41:01.822805936,0.07,2,0.05,49,0.07,12,Buy,2,0
1163,2023-05-09 14:41:03.147944539,0.07,2,0.05,49,0.07,10,Buy,2,0
1164,2023-05-09 14:41:22.718006547,0.07,1,0.06,2,0.07,8,Buy,1,0
1165,2023-05-09 14:55:53.838062930,0.07,7,0.06,6,0.07,7,Buy,7,0
1166,2023-05-09 14:58:10.593441038,0.08,1,0.07,2,0.08,46,Buy,1,0
1167,2023-05-09 14:58:10.593441038,0.08,1,0.07,3,0.08,45,Buy,1,0
1168,2023-05-09 15:12:26.328092074,0.08,2,0.07,14,0.08,44,Buy,2,0
1169,2023-05-09 15:13:56.802697615,0.08,4,0.07,12,0.08,42,Buy,4,0
1170,2023-05-09 15:14:01.483084985,0.08,1,0.07,11,0.08,38,Buy,1,0
1171,2023-05-09 15:14:09.267929993,0.08,2,0.07,11,0.08,37,Buy,2,0
1172,2023-05-09 15:21:14.572976931,0.08,2,0.07,7,0.08,35,Buy,2,0
1173,2023-05-09 15:28:27.608129109,0.08,1,0.07,22,0.08,33,Buy,1,0
1174,2023-05-09 15:29:41.502624822,0.08,2,0.07,20,0.08,31,Buy,2,0
1175,2023-05-09 15:32:25.872677643,0.08,2,0.07,20,0.08,29,Buy,2,0
1176,2023-05-09 15:32:25.872677643,0.08,25,0.07,20,0.08,27,Buy,25,0
1177,2023-05-09 15:34:50.672736935,0.08,2,0.06,16,0.08,2,Buy,2,0
1178,2023-05-09 15:42:58.617647229,0.08,1,0.07,2,0.08,1,Buy,1,0
1179,2023-05-09 15:48:08.237839997,0.09,1,0.08,3,0.09,58,Buy,1,0
1180,2023-05-09 15:49:00.788059892,0.09,7,0.08,6,0.09,57,Buy,7,0
1181,2023-05-09 15:51:05.002578890,0.09,2,0.08,4,0.09,45,Buy,2,0
1182,2023-05-09 15:51:06.302789225,0.09,2,0.08,4,0.09,43,Buy,2,0
1183,2023-05-09 15:51:08.223329005,0.09,2,0.08,4,0.09,41,Buy,2,0
1184,2023-05-09 15:51:08.523029724,0.09,2,0.08,4,0.09,40,Buy,2,0
1185,2023-05-09 15:58:07.577602233,0.09,2,0.08,11,0.09,38,Buy,2,0
1186,2023-05-09 16:00:56.813279695,0.09,2,0.08,15,0.09,36,Buy,2,0
1187,2023-05-09 16:00:56.853094959,0.09,2,0.08,14,0.09,34,Buy,2,0
1188,2023-05-09 16:00:57.058202449,0.09,1,0.08,22,0.09,32,Buy,1,0
1189,2023-05-09 16:03:34.428029259,0.09,1,0.08,21,0.09,31,Buy,1,0
1190,2023-05-09 16:05:58.993073014,0.09,27,0.08,23,0.09,30,Buy,27,0
1191,2023-05-09 16:06:05.352872665,0.09,4,0.08,15,0.09,4,Buy,4,0
1192,2023-05-09 16:06:05.383013083,0.09,1,0.08,14,0.09,1,Buy,1,0
1193,2023-05-09 16:06:07.277874782,0.09,1,0.08,13,0.09,1,Buy,1,0
1194,2023-05-09 16:17:51.927886353,0.08,4,0.08,4,0.1,63,Sell,0,4
1195,2023-05-09 16:17:51.927886353,0.08,6,0.07,3,0.08,6,Buy,6,0
1196,2023-05-09 18:11:09.728152474,0.09,1,0.08,1,0.09,15,Buy,1,0
1197,2023-05-09 18:11:09.728152474,0.09,1,0.08,2,0.09,15,Buy,1,0
1198,2023-05-09 18:11:16.298295173,0.09,14,0.08,6,0.09,14,Buy,14,0
1199,2023-05-10 12:41:36.532634700,0.09,1,0.08,4,0.09,3,Buy,1,0
1200,2023-05-10 13:47:19.168581936,0.07,1,0.07,5,0.09,10,Sell,0,1
1201,2023-05-10 14:33:14.988071835,0.07,2,0.07,2,0.08,11,Sell,0,2
1202,2023-05-11 09:08:58.297452170,0.07,1,0.06,47,0.07,35,Buy,1,0
1203,2023-05-11 11:15:04.168241291,0.06,1,0.06,45,0.07,66,Sell,0,1
1204,2023-05-11 11:15:04.168241291,0.06,1,0.06,44,0.07,66,Sell,0,1
1205,2023-05-11 11:15:04.287751060,0.06,39,0.06,43,0.07,65,Sell,0,39
1206,2023-05-11 11:15:04.297695822,0.06,1,0.06,4,0.07,45,Sell,0,1
1207,2023-05-11 11:15:04.297695822,0.06,1,0.06,3,0.07,44,Sell,0,1
1208,2023-05-11 11:15:04.297695822,0.06,2,0.06,2,0.07,43,Sell,0,2
1209,2023-05-11 12:05:15.477703441,0.04,1,0.04,65,0.05,8,Sell,0,1
1210,2023-05-11 12:05:18.242610229,0.04,1,0.04,64,0.05,7,Sell,0,1
1211,2023-05-11 12:05:18.248520941,0.04,1,0.04,63,0.05,6,Sell,0,1
1212,2023-05-11 12:05:18.248520941,0.04,1,0.04,62,0.05,6,Sell,0,1
1213,2023-05-11 12:05:18.252591135,0.04,1,0.04,61,0.05,5,Sell,0,1
1214,2023-05-11 12:05:18.298329943,0.04,1,0.04,60,0.05,7,Sell,0,1
1215,2023-05-11 12:05:18.302549884,0.04,2,0.04,59,0.05,6,Sell,0,2
1216,2023-05-11 12:05:18.308291859,0.04,2,0.04,57,0.05,4,Sell,0,2
1217,2023-05-11 13:42:32.098442017,0.04,4,0.04,95,0.05,13,Sell,0,4
1218,2023-05-11 13:46:11.468000685,0.04,1,0.04,91,0.05,13,Sell,0,1
1219,2023-05-11 13:46:11.468000685,0.04,3,0.04,90,0.05,12,Sell,0,3
1220,2023-05-11 13:46:11.472964257,0.04,4,0.04,87,0.05,14,Sell,0,4
1221,2023-05-11 13:46:58.887802450,0.04,3,0.04,83,0.05,35,Sell,0,3
1222,2023-05-11 14:07:27.588292135,0.04,72,0.04,80,0.05,24,Sell,0,72
1223,2023-05-11 14:07:27.593296059,0.04,8,0.04,8,0.05,4,Sell,0,8
1224,2023-05-11 14:13:08.863442997,0.03,16,0.03,72,0.04,1,Sell,0,16
1225,2023-05-11 15:40:40.528260051,0.05,1,0.03,85,0.05,2,Buy,1,0
1226,2023-05-11 15:40:40.533239891,0.05,1,0.03,82,0.05,1,Buy,1,0
1227,2023-05-12 00:00:00.103360908,0.05,1,0.04,10,0.05,4,Buy,1,0
1228,2023-05-12 04:18:41.127459462,0.05,3,0.04,9,0.05,3,Buy,3,0
1229,2023-05-12 16:17:34.392567782,0.04,1,0.04,5,0.05,9,Sell,0,1
1230,2023-05-12 16:18:59.613276304,0.04,4,0.04,4,0.05,12,Sell,0,4
1231,2023-05-12 16:32:28.522574827,0.03,4,0.03,74,0.05,30,Sell,0,4
1232,2023-05-12 16:32:39.328142551,0.04,1,0.04,1,0.05,10,Sell,0,1
1233,2023-05-12 16:48:04.247916336,0.03,5,0.03,70,0.04,17,Sell,0,5
1234,2023-05-12 16:48:33.948460605,0.03,2,0.03,65,0.04,13,Sell,0,2
1235,2023-05-12 16:48:35.062588935,0.03,2,0.03,63,0.04,2,Sell,0,2
1236,2023-05-12 16:48:35.067592372,0.03,1,0.03,61,0.04,10,Sell,0,1
1237,2023-05-12 16:48:35.067592372,0.03,1,0.03,60,0.04,6,Sell,0,1
1238,2023-05-12 16:48:35.067592372,0.03,2,0.03,59,0.04,5,Sell,0,2
1239,2023-05-12 16:48:35.067592372,0.03,1,0.03,57,0.04,3,Sell,0,1
1240,2023-05-12 16:48:35.067592372,0.03,2,0.03,56,0.04,10,Sell,0,2
1241,2023-05-12 16:48:35.072768861,0.03,1,0.03,54,0.04,11,Sell,0,1
1242,2023-05-12 16:48:35.072768861,0.03,1,0.03,53,0.04,4,Sell,0,1
1243,2023-05-12 16:48:35.072768861,0.03,1,0.03,52,0.04,2,Sell,0,1
1244,2023-05-12 16:48:35.072768861,0.03,1,0.03,51,0.04,8,Sell,0,1
1245,2023-05-12 16:48:35.078500464,0.03,1,0.03,50,0.04,4,Sell,0,1
1246,2023-05-12 16:48:35.078500464,0.03,1,0.03,49,0.04,2,Sell,0,1
1247,2023-05-12 16:48:35.078500464,0.03,1,0.03,48,0.04,11,Sell,0,1
1248,2023-05-12 16:49:07.432599140,0.03,1,0.03,37,0.04,19,Sell,0,1
1249,2023-05-12 16:49:07.432599140,0.03,1,0.03,36,0.04,16,Sell,0,1
1250,2023-05-12 16:49:07.437604052,0.03,1,0.03,35,0.04,15,Sell,0,1
1251,2023-05-12 16:49:07.437604052,0.03,5,0.03,34,0.04,14,Sell,0,5
1252,2023-05-12 16:49:07.437604052,0.03,1,0.03,29,0.04,19,Sell,0,1
1253,2023-05-12 16:49:08.072664145,0.03,1,0.03,28,0.04,18,Sell,0,1
1254,2023-05-12 16:49:14.412797144,0.03,1,0.03,27,0.04,24,Sell,0,1
1255,2023-05-12 16:49:14.412797144,0.03,26,0.03,26,0.04,22,Sell,0,26
1256,2023-05-12 16:49:14.412797144,0.03,1,0.03,1,0.04,2,Sell,0,1
1257,2023-05-12 16:59:01.147830996,0.03,1,0.03,1,0.05,45,Sell,0,1
1258,2023-05-12 16:59:33.418092283,0.03,1,0.03,1,0.04,2,Sell,0,1
1259,2023-05-12 17:25:38.498316069,0.05,4,0.04,4,0.05,20,Buy,4,0
1260,2023-05-12 17:25:38.503340620,0.05,1,0.04,22,0.05,16,Buy,1,0
1261,2023-05-12 17:56:08.898283925,0.05,1,0.04,1,0.05,20,Buy,1,0
1262,2023-05-12 18:01:40.527809568,0.05,18,0.04,17,0.05,19,Buy,18,0
1263,2023-05-12 18:02:48.657566648,0.05,1,0.03,30,0.05,1,Buy,1,0
1264,2023-05-15 13:33:34.677711186,0.06,3,0.05,7,0.06,53,Buy,3,0
1265,2023-05-15 14:51:26.053256399,0.06,5,0.05,3,0.06,50,Buy,5,0
1266,2023-05-15 14:51:43.657909167,0.06,17,0.05,5,0.06,45,Buy,17,0
1267,2023-05-15 14:52:03.467890400,0.06,8,0.05,6,0.06,28,Buy,8,0
1268,2023-05-15 14:52:17.758136774,0.06,1,0.05,15,0.06,20,Buy,1,0
1269,2023-05-15 15:07:00.923338467,0.06,3,0.05,14,0.06,17,Buy,3,0
1270,2023-05-15 15:07:18.933216102,0.06,2,0.05,16,0.06,14,Buy,2,0
1271,2023-05-15 15:07:18.933216102,0.06,3,0.05,19,0.06,12,Buy,3,0
1272,2023-05-15 15:07:18.938316934,0.06,9,0.05,14,0.06,9,Buy,9,0
1273,2023-05-15 15:18:58.428097859,0.05,1,0.05,3,0.07,82,Sell,0,1
1274,2023-05-15 15:18:58.462992985,0.05,1,0.05,2,0.06,7,Sell,0,1
1275,2023-05-15 15:20:38.182997910,0.05,1,0.05,1,0.06,12,Sell,0,1
1276,2023-05-15 15:28:52.982859178,0.05,1,0.05,1,0.06,11,Sell,0,1
1277,2023-05-15 16:02:39.523410788,0.04,1,0.04,15,0.05,14,Sell,0,1
1278,2023-05-15 16:03:07.813160771,0.04,2,0.04,14,0.05,13,Sell,0,2
1279,2023-05-15 16:03:07.862958700,0.04,5,0.04,12,0.05,8,Sell,0,5
1280,2023-05-15 16:03:07.902750519,0.04,7,0.04,7,0.05,8,Sell,0,7
1281,2023-05-15 16:03:07.957603789,0.03,1,0.03,52,0.04,5,Sell,0,1
1282,2023-05-15 16:21:25.632581751,0.04,3,0.03,59,0.04,3,Buy,3,0
1283,2023-05-15 18:14:56.302706991,0.06,1,0.04,22,0.06,40,Buy,1,0
1284,2023-05-16 13:33:17.202863815,0.05,2,0.04,11,0.05,2,Buy,2,0
1285,2023-05-16 13:51:10.353031945,0.04,1,0.04,18,0.05,17,Sell,0,1
1286,2023-05-16 14:00:56.617711955,0.04,1,0.04,16,0.05,18,Sell,0,1
1287,2023-05-16 14:03:53.163366632,0.04,2,0.04,9,0.05,12,Sell,0,2
1288,2023-05-16 14:03:53.163366632,0.04,2,0.04,7,0.05,20,Sell,0,2
1289,2023-05-16 14:03:53.208125795,0.04,5,0.04,5,0.05,18,Sell,0,5
1290,2023-05-16 14:29:12.568170919,0.05,1,0.04,1,0.05,10,Buy,1,0
1291,2023-05-16 14:29:12.568170919,0.05,1,0.04,2,0.05,9,Buy,1,0
1292,2023-05-16 15:12:35.902683158,0.03,1,0.03,71,0.05,31,Sell,0,1
1293,2023-05-16 15:15:52.082851313,0.03,3,0.03,70,0.04,19,Sell,0,3
1294,2023-05-16 15:16:40.177666759,0.03,1,0.03,67,0.04,19,Sell,0,1
1295,2023-05-16 15:24:48.332440021,0.04,2,0.03,66,0.04,17,Buy,2,0
1296,2023-05-16 15:27:51.058150864,0.03,1,0.03,66,0.04,19,Sell,0,1
1297,2023-05-16 15:28:53.013081771,0.03,1,0.03,65,0.04,19,Sell,0,1
1298,2023-05-16 15:30:17.208298705,0.03,1,0.03,64,0.04,20,Sell,0,1
1299,2023-05-16 16:08:27.022540045,0.03,1,0.03,63,0.04,18,Sell,0,1
1300,2023-05-16 16:14:28.913116148,0.03,1,0.03,62,0.04,29,Sell,0,1
1301,2023-05-16 16:29:54.713164668,0.03,1,0.03,61,0.04,25,Sell,0,1
1302,2023-05-16 16:41:03.737748801,0.03,1,0.03,45,0.04,47,Sell,0,1
1303,2023-05-16 16:41:03.803489480,0.03,9,0.03,44,0.04,39,Sell,0,9
1304,2023-05-16 16:41:03.803489480,0.03,35,0.03,35,0.04,39,Sell,0,35
1305,2023-05-16 17:43:14.152991208,0.02,1,0.02,59,0.03,16,Sell,0,1
1306,2023-05-16 17:44:50.598392556,0.02,1,0.02,58,0.03,15,Sell,0,1
1307,2023-05-16 17:48:56.142990404,0.02,1,0.02,55,0.03,24,Sell,0,1
1308,2023-05-16 17:49:46.403234884,0.02,4,0.02,54,0.03,27,Sell,0,4
1309,2023-05-16 18:01:08.973455834,0.02,1,0.02,50,0.03,26,Sell,0,1
1310,2023-05-16 18:11:09.873313636,0.02,1,0.02,49,0.03,29,Sell,0,1
1311,2023-05-16 18:14:00.193311694,0.02,44,0.02,48,0.03,29,Sell,0,44
1312,2023-05-16 18:14:31.957755687,0.02,6,0.02,6,0.03,15,Sell,0,6
1313,2023-05-16 18:14:31.957755687,0.02,1,0.02,5,0.03,10,Sell,0,1
1314,2023-05-16 18:14:39.638025959,0.02,4,0.02,4,0.03,8,Sell,0,4
1315,2023-05-16 18:14:39.647988386,0.02,1,0.02,5,0.03,7,Sell,0,1
1316,2023-05-16 18:14:39.793383017,0.02,4,0.02,4,0.03,14,Sell,0,4
1317,2023-05-16 18:15:21.867565448,0.02,8,0.02,5,0.03,10,Sell,0,8
1318,2023-05-16 18:15:21.867565448,0.02,1,0.02,5,0.03,4,Sell,0,1
1319,2023-05-16 18:16:40.872597152,0.02,1,0.02,15,0.03,10,Sell,0,1
1320,2023-05-16 18:17:33.632855835,0.02,14,0.02,15,0.03,29,Sell,0,14
1321,2023-05-16 18:17:34.668334432,0.02,6,0.02,6,0.03,21,Sell,0,6
1322,2023-05-16 18:17:34.673284121,0.02,5,0.02,5,0.03,17,Sell,0,5
1323,2023-05-16 18:17:35.727687728,0.02,5,0.02,5,0.03,19,Sell,0,5
1324,2023-05-16 18:17:35.987519012,0.02,3,0.02,3,0.03,15,Sell,0,3
1325,2023-05-16 18:17:47.853401131,0.02,3,0.02,3,0.03,14,Sell,0,3
1326,2023-05-16 18:17:47.868389306,0.02,3,0.02,3,0.03,13,Sell,0,3
1327,2023-05-16 18:17:49.402694595,0.02,3,0.02,3,0.03,14,Sell,0,3
1328,2023-05-16 18:17:49.407608039,0.02,3,0.02,3,0.03,13,Sell,0,3
1329,2023-05-16 18:17:49.412571807,0.02,3,0.02,3,0.03,13,Sell,0,3
1330,2023-05-16 18:17:51.872807915,0.02,3,0.02,3,0.03,13,Sell,0,3
1331,2023-05-16 18:18:12.028254176,0.02,3,0.02,3,0.03,12,Sell,0,3
1332,2023-05-16 18:18:12.483229827,0.02,2,0.02,3,0.03,11,Sell,0,2
1333,2023-05-16 18:18:12.483229827,0.02,2,0.02,1,0.03,11,Sell,0,2
1334,2023-05-16 18:18:13.767614419,0.02,2,0.02,2,0.03,9,Sell,0,2
1335,2023-05-16 18:18:19.528308779,0.02,7,0.02,7,0.03,14,Sell,0,7
1336,2023-05-16 18:18:22.323082531,0.02,4,0.02,3,0.03,11,Sell,0,4
1337,2023-05-16 18:18:22.323082531,0.02,2,0.02,2,0.03,9,Sell,0,2
1338,2023-05-16 18:18:28.703018794,0.02,1,0.02,3,0.03,8,Sell,0,1
1339,2023-05-16 18:18:28.712983907,0.02,2,0.02,2,0.03,7,Sell,0,2
1340,2023-05-16 18:18:28.997698441,0.02,1,0.02,3,0.03,6,Sell,0,1
1341,2023-05-16 18:18:29.002725659,0.02,2,0.02,2,0.03,6,Sell,0,2
1342,2023-05-16 18:18:29.012650169,0.02,3,0.02,3,0.03,6,Sell,0,3
1343,2023-05-16 18:18:29.017617221,0.02,3,0.02,3,0.03,6,Sell,0,3
1344,2023-05-16 18:18:29.017617221,0.02,3,0.02,3,0.03,6,Sell,0,3
1345,2023-05-16 18:18:29.022612733,0.02,3,0.02,3,0.03,6,Sell,0,3
1346,2023-05-16 18:18:29.027607799,0.02,3,0.02,3,0.03,6,Sell,0,3
1347,2023-05-16 18:18:29.027607799,0.02,1,0.02,3,0.03,6,Sell,0,1
1348,2023-05-16 18:18:29.027607799,0.02,2,0.02,2,0.03,6,Sell,0,2
1349,2023-05-16 18:18:29.027607799,0.02,3,0.02,3,0.03,6,Sell,0,3
1350,2023-05-16 18:18:34.118215729,0.02,3,0.02,3,0.03,7,Sell,0,3
1351,2023-05-16 18:18:38.923136246,0.02,3,0.02,3,0.03,7,Sell,0,3
1352,2023-05-16 18:18:51.547650335,0.02,3,0.02,3,0.03,7,Sell,0,3
1353,2023-05-16 18:19:56.343077219,0.02,6,0.02,14,0.03,9,Sell,0,6
1354,2023-05-17 01:16:17.788456209,0.02,1,0.02,8,0.03,10,Sell,0,1
1355,2023-05-17 01:16:17.788456209,0.02,7,0.02,7,0.03,16,Sell,0,7
1356,2023-05-17 12:31:41.197461552,0.01,1,0.01,97,0.03,12,Sell,0,1
1357,2023-05-17 13:34:21.303275940,0.01,7,0.01,96,0.02,7,Sell,0,7
1358,2023-05-17 13:42:02.548502467,0.01,1,0.01,89,0.02,27,Sell,0,1
1359,2023-05-17 13:43:51.403449527,0.01,1,0.01,88,0.02,21,Sell,0,1
1360,2023-05-17 13:47:48.243229300,0.01,1,0.01,87,0.02,15,Sell,0,1
1361,2023-05-17 13:50:50.022893875,0.01,10,0.01,86,0.02,7,Sell,0,10
1362,2023-05-17 13:52:13.022992311,0.01,6,0.01,76,0.02,6,Sell,0,6
1363,2023-05-17 13:54:04.702943069,0.01,5,0.01,70,0.02,5,Sell,0,5
1364,2023-05-17 13:56:24.408256231,0.01,5,0.01,65,0.02,23,Sell,0,5
1365,2023-05-17 13:56:40.148167207,0.01,6,0.01,60,0.02,26,Sell,0,6
1366,2023-05-17 13:57:31.318427034,0.01,6,0.01,54,0.02,26,Sell,0,6
1367,2023-05-17 13:57:31.328366193,0.01,2,0.01,48,0.02,22,Sell,0,2
1368,2023-05-17 13:58:39.183359727,0.01,6,0.01,46,0.02,26,Sell,0,6
1369,2023-05-17 13:59:17.458273083,0.01,36,0.01,40,0.02,20,Sell,0,36
1370,2023-05-17 13:59:31.687786726,0.01,4,0.01,4,0.02,7,Sell,0,4
1371,2023-05-17 14:13:42.297906418,0.0,2,0.0,55,0.01,11,Sell,0,2
1372,2023-05-17 14:13:42.297906418,0.0,1,0.0,53,0.01,9,Sell,0,1
1373,2023-05-17 14:14:30.958179914,0.0,1,0.0,52,0.01,25,Sell,0,1
1374,2023-05-17 14:15:40.423095700,0.0,46,0.0,51,0.01,20,Sell,0,46
1375,2023-05-17 14:15:40.433051054,0.0,5,0.0,5,0.02,31,Sell,0,5
1376,2023-05-17 14:17:15.672797035,-0.01,2,-0.01,45,0.0,2,Sell,0,2
1377,2023-05-17 14:35:29.702860710,-0.01,3,-0.01,43,0.0,14,Sell,0,3
1378,2023-05-17 14:35:29.707798422,-0.01,7,-0.01,40,0.0,14,Sell,0,7
1379,2023-05-17 14:35:29.712847056,-0.01,1,-0.01,33,0.0,14,Sell,0,1
1380,2023-05-17 14:35:38.323004365,-0.01,10,-0.01,32,0.0,14,Sell,0,10
1381,2023-05-17 14:35:55.048522432,-0.01,2,-0.01,15,0.0,14,Sell,0,2
1382,2023-05-17 14:36:10.902945898,-0.01,12,-0.01,13,0.0,14,Sell,0,12
1383,2023-05-17 14:36:10.902945898,-0.01,1,-0.01,1,0.0,14,Sell,0,1
1384,2023-05-17 15:26:03.518506144,-0.03,1,-0.03,1,-0.02,19,Sell,0,1
1385,2023-05-17 15:57:17.532945123,-0.02,1,-0.03,20,-0.02,5,Buy,1,0
1386,2023-05-17 16:00:41.802761879,-0.02,4,-0.03,13,-0.02,4,Buy,4,0
1387,2023-05-17 16:08:04.212721491,-0.03,2,-0.03,13,-0.01,19,Sell,0,2
1388,2023-05-17 16:08:04.222701155,-0.03,2,-0.03,10,-0.02,2,Sell,0,2
1389,2023-05-17 16:08:49.357459583,-0.03,1,-0.03,8,-0.02,8,Sell,0,1
1390,2023-05-17 16:15:39.332929935,-0.03,7,-0.03,7,-0.02,11,Sell,0,7
1391,2023-05-17 16:16:24.002715328,-0.03,1,-0.03,1,-0.02,6,Sell,0,1
1392,2023-05-17 18:14:07.132846111,-0.01,6,-0.03,10,-0.01,6,Buy,6,0
1393,2023-05-18 01:23:36.618202597,-0.04,10,-0.04,11,-0.02,21,Sell,0,10
1394,2023-05-18 01:23:36.622491742,-0.04,1,-0.04,1,-0.02,10,Sell,0,1
1395,2023-05-18 01:27:04.472513992,-0.05,1,-0.05,1,-0.02,17,Sell,0,1
1396,2023-05-18 01:27:04.473321618,-0.06,1,-0.05,1,-0.02,17,Buy,1,0
1397,2023-05-18 01:27:04.473321618,-0.06,1,-0.05,1,-0.02,17,Buy,1,0
1398,2023-05-18 01:27:04.473321618,-0.06,2,-0.05,1,-0.02,17,Buy,2,0
1399,2023-05-18 12:10:10.577930537,-0.05,1,-0.05,1,-0.03,6,Sell,0,1
1400,2023-05-18 13:56:50.128466561,-0.04,1,-0.04,20,-0.03,1,Sell,0,1
1401,2023-05-18 14:02:09.302851987,-0.03,1,-0.04,20,-0.03,1,Buy,1,0
1402,2023-05-18 14:43:41.557865602,-0.03,9,-0.03,20,-0.02,12,Sell,0,9
1403,2023-05-18 14:43:41.562804356,-0.03,10,-0.03,11,-0.02,25,Sell,0,10
1404,2023-05-18 14:43:41.562804356,-0.03,1,-0.03,1,-0.02,25,Sell,0,1
1405,2023-05-18 14:48:10.808284958,-0.04,18,-0.04,19,-0.03,20,Sell,0,18
1406,2023-05-18 14:51:29.237782665,-0.04,1,-0.04,1,-0.03,10,Sell,0,1
1407,2023-05-18 16:17:07.597785763,-0.05,2,-0.05,15,-0.03,22,Sell,0,2
1408,2023-05-18 16:52:59.088265907,-0.05,9,-0.05,9,-0.04,19,Sell,0,9
1409,2023-05-18 17:34:32.333007824,-0.06,7,-0.06,27,-0.04,13,Sell,0,7
1410,2023-05-18 18:13:55.198461575,-0.06,1,-0.06,20,-0.04,11,Sell,0,1
1411,2023-05-18 18:14:21.737864653,-0.06,1,-0.06,19,-0.05,7,Sell,0,1
1412,2023-05-18 18:14:27.437844326,-0.06,1,-0.06,18,-0.05,8,Sell,0,1
1413,2023-05-18 18:14:42.007851830,-0.06,1,-0.06,17,-0.05,7,Sell,0,1
1414,2023-05-18 18:14:42.697821139,-0.06,1,-0.06,16,-0.05,6,Sell,0,1
1415,2023-05-18 18:14:44.008067788,-0.06,1,-0.06,15,-0.05,6,Sell,0,1
1416,2023-05-18 18:14:45.007663687,-0.06,1,-0.06,14,-0.05,6,Sell,0,1
1417,2023-05-18 18:14:45.022642762,-0.06,1,-0.06,13,-0.05,6,Sell,0,1
1418,2023-05-18 18:14:45.622996802,-0.06,2,-0.06,12,-0.05,6,Sell,0,2
1419,2023-05-18 18:14:46.023239751,-0.06,2,-0.06,10,-0.05,4,Sell,0,2
1420,2023-05-18 18:14:46.162860793,-0.06,1,-0.06,8,-0.05,2,Sell,0,1
1421,2023-05-18 18:14:47.022858911,-0.06,1,-0.06,7,-0.05,1,Sell,0,1
1422,2023-05-18 18:16:07.998204137,-0.05,2,-0.05,2,-0.04,12,Sell,0,2
1423,2023-05-18 18:18:19.732604572,-0.06,6,-0.06,6,-0.05,5,Sell,0,6
1424,2023-05-19 13:35:07.198318666,-0.07,1,-0.07,22,-0.05,18,Sell,0,1
1425,2023-05-19 13:55:09.942896652,-0.05,1,-0.07,23,-0.05,2,Buy,1,0
1426,2023-05-19 13:55:12.032785024,-0.05,1,-0.07,29,-0.05,1,Buy,1,0
1427,2023-05-19 14:28:41.543042304,-0.06,3,-0.06,3,-0.05,13,Sell,0,3
1428,2023-05-19 18:12:19.528026821,-0.03,1,-0.04,3,-0.03,5,Buy,1,0
1429,2023-05-19 18:12:39.038324938,-0.03,1,-0.04,7,-0.03,4,Buy,1,0
1430,2023-05-19 18:13:14.158120848,-0.03,1,-0.04,6,-0.03,3,Buy,1,0
1431,2023-05-22 13:34:09.578152576,-0.03,2,-0.05,28,-0.03,2,Buy,2,0
1432,2023-05-22 14:29:22.448250567,-0.03,2,-0.03,2,-0.02,18,Sell,0,2
1433,2023-05-22 16:46:04.748364912,-0.03,1,-0.04,5,-0.03,1,Buy,1,0
1434,2023-05-22 17:17:09.158058263,-0.02,3,-0.04,7,-0.02,3,Buy,3,0
1435,2023-05-23 15:17:43.267648025,-0.04,2,-0.04,40,-0.03,10,Sell,0,2
1436,2023-05-23 16:12:46.162635252,-0.04,4,-0.04,38,-0.03,8,Sell,0,4
1437,2023-05-23 17:21:09.918079575,-0.04,7,-0.04,34,-0.03,9,Sell,0,7
1438,2023-05-23 17:28:18.163277656,-0.04,1,-0.04,27,-0.03,27,Sell,0,1
1439,2023-05-23 17:29:19.052863825,-0.04,1,-0.04,26,-0.03,25,Sell,0,1
1440,2023-05-23 17:29:19.057660089,-0.04,1,-0.04,35,-0.03,30,Sell,0,1
1441,2023-05-23 17:29:19.057660089,-0.04,1,-0.04,34,-0.03,29,Sell,0,1
1442,2023-05-23 17:29:19.057660089,-0.04,2,-0.04,33,-0.03,25,Sell,0,2
1443,2023-05-23 17:29:19.057660089,-0.04,1,-0.04,31,-0.03,23,Sell,0,1
1444,2023-05-23 17:29:19.057660089,-0.04,1,-0.04,30,-0.03,25,Sell,0,1
1445,2023-05-23 17:29:19.057660089,-0.04,1,-0.04,29,-0.03,23,Sell,0,1
1446,2023-05-23 17:29:19.062838993,-0.04,6,-0.04,28,-0.03,22,Sell,0,6
1447,2023-05-23 17:29:19.062838993,-0.04,2,-0.04,22,-0.03,16,Sell,0,2
1448,2023-05-23 17:29:19.077753849,-0.04,1,-0.04,20,-0.03,13,Sell,0,1
1449,2023-05-23 18:03:37.667645391,-0.04,40,-0.04,19,-0.03,19,Sell,0,40
1450,2023-05-23 18:03:37.667645391,-0.04,10,-0.04,9,-0.03,20,Sell,0,10
1451,2023-05-23 18:06:09.257810107,-0.04,1,-0.04,9,-0.03,17,Sell,0,1
1452,2023-05-23 18:06:09.257810107,-0.04,1,-0.04,8,-0.03,16,Sell,0,1
1453,2023-05-23 18:06:09.257810107,-0.04,1,-0.04,7,-0.03,16,Sell,0,1
1454,2023-05-23 18:07:35.488054012,-0.04,6,-0.04,6,-0.03,18,Sell,0,6
1455,2023-05-23 18:15:35.623327286,-0.04,1,-0.04,10,-0.03,17,Sell,0,1
1456,2023-05-23 18:15:59.598115911,-0.04,9,-0.04,9,-0.03,23,Sell,0,9
1457,2023-05-24 11:37:59.217709591,-0.04,1,-0.04,10,-0.03,3,Sell,0,1
1458,2023-05-24 13:55:37.198346153,-0.04,1,-0.04,9,-0.03,2,Sell,0,1
1459,2023-05-24 14:50:58.247610241,-0.03,1,-0.04,8,-0.03,2,Buy,1,0
1460,2023-05-24 14:54:42.767589448,-0.03,1,-0.04,8,-0.03,1,Buy,1,0
1461,2023-05-24 15:30:58.673092678,-0.04,1,-0.04,8,-0.02,18,Sell,0,1
1462,2023-05-24 15:30:58.678045249,-0.04,1,-0.04,7,-0.03,1,Sell,0,1
1463,2023-05-24 15:32:54.473509104,-0.04,2,-0.04,6,-0.02,19,Sell,0,2
1464,2023-05-24 15:47:06.172901460,-0.03,3,-0.04,4,-0.03,3,Buy,3,0
1465,2023-05-24 16:35:40.847902671,-0.04,4,-0.04,4,-0.03,9,Sell,0,4
1466,2023-05-24 17:20:37.078217655,-0.04,1,-0.04,10,-0.03,16,Sell,0,1
1467,2023-05-24 17:31:07.657795963,-0.04,1,-0.04,9,-0.03,16,Sell,0,1
1468,2023-05-24 18:14:55.273496413,-0.04,1,-0.04,8,-0.03,20,Sell,0,1
1469,2023-05-24 18:14:58.877671116,-0.04,1,-0.04,7,-0.03,24,Sell,0,1
1470,2023-05-25 01:28:38.997850981,-0.04,1,-0.04,6,-0.03,17,Sell,0,1
1471,2023-05-25 01:28:39.002808615,-0.04,3,-0.04,5,-0.03,21,Sell,0,3
1472,2023-05-25 09:17:53.852493926,-0.03,2,-0.04,2,-0.03,10,Buy,2,0
1473,2023-05-25 11:39:04.418410725,-0.03,1,-0.04,4,-0.03,8,Buy,1,0
1474,2023-05-25 12:01:26.312885047,-0.03,1,-0.04,4,-0.03,7,Buy,1,0
1475,2023-05-25 12:01:26.312885047,-0.03,2,-0.04,3,-0.03,6,Buy,2,0
1476,2023-05-25 12:01:26.312885047,-0.03,1,-0.04,3,-0.03,4,Buy,1,0
1477,2023-05-25 12:07:53.702563608,-0.03,3,-0.04,3,-0.03,3,Buy,3,0
1478,2023-05-25 12:28:52.158476063,-0.02,1,-0.03,9,-0.02,16,Buy,1,0
1479,2023-05-25 13:38:09.003015722,-0.01,10,-0.02,3,-0.01,10,Buy,10,0
1480,2023-05-25 13:38:09.003015722,0.0,5,-0.02,3,-0.01,10,Buy,5,0
1481,2023-05-25 13:38:59.432664070,-0.01,3,-0.02,9,-0.01,3,Buy,3,0
1482,2023-05-25 13:48:09.628114742,-0.01,2,-0.02,16,-0.01,10,Buy,2,0
1483,2023-05-25 13:48:09.828181264,-0.01,1,-0.02,18,-0.01,8,Buy,1,0
1484,2023-05-25 13:48:09.828181264,-0.01,7,-0.02,16,-0.01,7,Buy,7,0
1485,2023-05-25 16:46:35.272685138,-0.03,1,-0.04,9,-0.03,1,Buy,1,0
1486,2023-05-25 18:17:15.467806851,-0.04,4,-0.04,4,-0.03,3,Sell,0,4
1487,2023-05-26 01:19:49.292428377,-0.04,1,-0.04,13,-0.01,31,Sell,0,1
1488,2023-05-26 14:11:50.028079204,-0.02,1,-0.04,25,-0.02,4,Buy,1,0
1489,2023-05-26 14:12:03.532816930,-0.02,1,-0.03,11,-0.02,2,Buy,1,0
1490,2023-05-26 14:12:39.443052050,-0.02,1,-0.03,7,-0.02,1,Buy,1,0
1491,2023-05-26 17:03:44.428008081,-0.04,3,-0.04,12,-0.03,3,Sell,0,3
1492,2023-05-26 17:03:44.437973687,-0.04,8,-0.04,9,-0.03,12,Sell,0,8
1493,2023-05-26 17:03:44.437973687,-0.04,1,-0.04,1,-0.03,9,Sell,0,1
1494,2023-05-26 18:09:11.312520226,-0.05,15,-0.05,16,-0.04,11,Sell,0,15
1495,2023-05-26 18:09:11.312520226,-0.05,1,-0.05,1,-0.04,8,Sell,0,1
1496,2023-05-30 12:23:38.077493922,-0.06,1,-0.06,35,-0.04,17,Sell,0,1
1497,2023-05-30 13:31:05.677991853,-0.06,2,-0.06,34,-0.05,7,Sell,0,2
1498,2023-05-30 13:31:05.677991853,-0.06,1,-0.06,32,-0.05,5,Sell,0,1
1499,2023-05-30 13:31:05.677991853,-0.06,3,-0.06,31,-0.05,4,Sell,0,3
1500,2023-05-30 13:31:05.687756742,-0.05,1,-0.06,28,-0.05,5,Buy,1,0
1501,2023-05-30 13:31:05.722644268,-0.05,4,-0.06,28,-0.05,10,Buy,4,0
1502,2023-05-30 13:31:19.617746416,-0.05,1,-0.06,28,-0.05,1,Buy,1,0
1503,2023-05-30 13:41:54.217595782,-0.05,2,-0.06,28,-0.05,2,Buy,2,0
1504,2023-05-30 13:41:54.412659956,-0.05,2,-0.06,28,-0.05,2,Buy,2,0
1505,2023-05-30 14:07:57.368243828,-0.05,1,-0.06,33,-0.05,1,Buy,1,0
1506,2023-05-30 14:35:40.473019855,-0.05,1,-0.05,2,-0.04,27,Sell,0,1
1507,2023-05-30 14:54:03.818184079,-0.05,1,-0.05,1,-0.04,26,Sell,0,1
1508,2023-05-30 17:43:37.758136094,-0.05,1,-0.05,4,-0.04,5,Sell,0,1
1509,2023-05-30 17:44:30.202766154,-0.05,3,-0.05,3,-0.04,3,Sell,0,3
1510,2023-05-31 11:59:24.392592431,-0.06,1,-0.06,33,-0.05,1,Sell,0,1
1511,2023-05-31 11:59:24.402428649,-0.06,1,-0.06,32,-0.05,1,Sell,0,1
1512,2023-05-31 11:59:25.312563162,-0.06,1,-0.06,31,-0.05,1,Sell,0,1
1513,2023-05-31 11:59:26.397797795,-0.06,5,-0.06,30,-0.05,1,Sell,0,5
1514,2023-05-31 11:59:29.832422006,-0.06,7,-0.06,25,-0.05,1,Sell,0,7
1515,2023-05-31 12:05:50.433165178,-0.06,18,-0.06,18,-0.05,1,Sell,0,18
1516,2023-05-31 12:10:26.072572260,-0.07,1,-0.07,65,-0.06,2,Sell,0,1
1517,2023-05-31 12:10:26.077569248,-0.07,1,-0.07,64,-0.06,4,Sell,0,1
1518,2023-05-31 12:10:27.278258560,-0.07,1,-0.07,63,-0.06,13,Sell,0,1
1519,2023-05-31 12:21:45.662900799,-0.07,1,-0.07,62,-0.06,11,Sell,0,1
1520,2023-05-31 12:33:14.843071501,-0.07,2,-0.07,51,-0.06,14,Sell,0,2
1521,2023-05-31 12:33:14.843071501,-0.07,1,-0.07,49,-0.06,13,Sell,0,1
1522,2023-05-31 12:33:14.843071501,-0.07,1,-0.07,48,-0.06,12,Sell,0,1
1523,2023-05-31 14:05:14.832788027,-0.06,7,-0.07,56,-0.06,7,Buy,7,0
1524,2023-05-31 15:15:55.532981396,-0.06,10,-0.07,47,-0.06,14,Buy,10,0
1525,2023-05-31 15:29:17.873171616,-0.07,2,-0.07,47,-0.06,13,Sell,0,2
1526,2023-05-31 15:37:50.413110398,-0.07,1,-0.07,45,-0.06,38,Sell,0,1
1527,2023-05-31 15:39:32.727791447,-0.07,3,-0.07,44,-0.06,36,Sell,0,3
1528,2023-05-31 15:39:53.037758720,-0.07,3,-0.07,41,-0.06,37,Sell,0,3
1529,2023-05-31 15:47:20.372930661,-0.07,1,-0.07,38,-0.06,47,Sell,0,1
1530,2023-05-31 15:48:17.107766828,-0.07,1,-0.07,37,-0.06,57,Sell,0,1
1531,2023-05-31 15:49:27.773392960,-0.07,1,-0.07,36,-0.06,57,Sell,0,1
1532,2023-05-31 15:49:30.867790517,-0.07,1,-0.07,35,-0.06,57,Sell,0,1
1533,2023-05-31 15:52:08.702577558,-0.07,1,-0.07,34,-0.06,67,Sell,0,1
1534,2023-05-31 15:52:29.538108152,-0.07,1,-0.07,33,-0.06,67,Sell,0,1
1535,2023-05-31 15:53:02.577957574,-0.07,29,-0.07,32,-0.06,67,Sell,0,29
